@article{doherty2012theory,
  title={Theory of the ground-state spin of the NV- center in diamond},
  author={Doherty, MW and Dolde, F and Fedder, H and Jelezko, Fedor and Wrachtrup, J and Manson, NB and Hollenberg, LCL},
  journal={Physical Review B},
  volume={85},
  number={20},
  pages={205203},
  year={2012},
  publisher={APS}
}

@article{smeltzer201113c,
  title={13C hyperfine interactions in the nitrogen-vacancy centre in diamond},
  author={Smeltzer, Benjamin and Childress, Lilian and Gali, Adam},
  journal={New Journal of Physics},
  volume={13},
  number={2},
  pages={025021},
  year={2011},
  publisher={IOP Publishing}
}

@misc{jackson1999classical,
  title={Classical electrodynamics},
  author={Jackson, John David},
  year={1999},
  publisher={American Association of Physics Teachers}
}

@article{van1989cross,
  title={Cross-relaxation dynamics of optically excited N-V centers in diamond},
  author={van Oort, Eric and Glasbeek, Max},
  journal={Physical Review B},
  volume={40},
  number={10},
  pages={6509},
  year={1989},
  publisher={APS}
}

@article{holliday1989optical,
  title={Optical hole-bleaching by level anti-crossing and cross relaxation in the NV centre in diamond},
  author={Holliday, K and Manson, NB and Glasbeek, M and Van Oort, E},
  journal={Journal of Physics: Condensed Matter},
  volume={1},
  number={39},
  pages={7093},
  year={1989},
  publisher={IOP Publishing}
}

@article{epstein2005anisotropic,
  title={Anisotropic interactions of a single spin and dark-spin spectroscopy in diamond},
  author={Epstein, RJ and Mendoza, FM and Kato, YK and Awschalom, DD},
  journal={Nature physics},
  volume={1},
  number={2},
  pages={94--98},
  year={2005},
  publisher={Nature Publishing Group}
}

@article{armstrong2010nv,
  title={NV--NV electron--electron spin and NV--NS electron—electron and electron-nuclear spin interaction in diamond},
  author={Armstrong, Seiji and Rogers, Lachlan J and McMurtrie, Roger L and Manson, Neil B},
  journal={Physics Procedia},
  volume={3},
  number={4},
  pages={1569--1575},
  year={2010},
  publisher={Elsevier}
}

@article{hall2016detection,
  title={Detection of nanoscale electron spin resonance spectra demonstrated using nitrogen-vacancy centre probes in diamond},
  author={Hall, LT and Kehayias, Pauli and Simpson, DA and Jarmola, Andrey and Stacey, Alastair and Budker, Dmitry and Hollenberg, LCL},
  journal={Nature communications},
  volume={7},
  number={1},
  pages={1--9},
  year={2016},
  publisher={Nature Publishing Group}
}

@article{wood2016wide,
  title={Wide-band nanoscale magnetic resonance spectroscopy using quantum relaxation of a single spin in diamond},
  author={Wood, James DA and Broadway, David A and Hall, Liam T and Stacey, Alastair and Simpson, David A and Tetienne, Jean-Philippe and Hollenberg, Lloyd CL},
  journal={Physical Review B},
  volume={94},
  number={15},
  pages={155402},
  year={2016},
  publisher={APS}
}


@article{wickenbrock2016microwave,
  title={Microwave-free magnetometry with nitrogen-vacancy centers in diamond},
  author={Wickenbrock, Arne and Zheng, Huijie and Bougas, Lykourgos and Leefer, Nathan and Afach, Samer and Jarmola, Andrey and Acosta, Victor M and Budker, Dmitry},
  journal={Applied Physics Letters},
  volume={109},
  number={5},
  pages={053505},
  year={2016},
  publisher={AIP Publishing LLC}
}

@article{alfasi2019detection,
  title={Detection of paramagnetic defects in diamond using off-resonance excitation of NV centers},
  author={Alfasi, Nir and Masis, Sergei and Shtempluck, Oleg and Buks, Eyal},
  journal={Physical Review B},
  volume={99},
  number={21},
  pages={214111},
  year={2019},
  publisher={APS}
}

@article{lazda2021cross,
  title={Cross-relaxation studies with optically detected magnetic resonances in nitrogen-vacancy centers in diamond in external magnetic field},
  author={Lazda, Reinis and Busaite, Laima and Berzins, Andris and Smits, Janis and Gahbauer, Florian and Auzinsh, Marcis and Budker, Dmitry and Ferber, Ruvin},
  journal={Physical Review B},
  volume={103},
  number={13},
  pages={134104},
  year={2021},
  publisher={APS}
}

@article{steinert2013magnetic,
  title={Magnetic spin imaging under ambient conditions with sub-cellular resolution},
  author={Steinert, S and Ziem, F and Hall, LT and Zappe, A and Schweikert, M and G{\"o}tz, N and Aird, A and Balasubramanian, G and Hollenberg, L and Wrachtrup, J},
  journal={Nature communications},
  volume={4},
  number={1},
  pages={1--6},
  year={2013},
  publisher={Nature Publishing Group}
}

@article{tetienne2013spin,
  title={Spin relaxometry of single nitrogen-vacancy defects in diamond nanocrystals for magnetic noise sensing},
  author={Tetienne, J-P and Hingant, T and Rondin, L and Cavaill{\`e}s, A and Mayer, L and Dantelle, G and Gacoin, T and Wrachtrup, J and Roch, J-F and Jacques, V},
  journal={Physical Review B},
  volume={87},
  number={23},
  pages={235436},
  year={2013},
  publisher={APS}
}

@article{nie2021quantum,
  title={Quantum sensing of free radicals in primary human dendritic cells},
  author={Nie, Linyan and Nusantara, Anggrek C and Damle, Viraj G and Baranov, Maxim V and Chipaux, Mayeul and Reyes-San-Martin, Claudia and Hamoh, Thamir and Epperla, Chandra Prakash and Guricova, Miroslava and Cigler, Petr and others},
  journal={Nano letters},
  volume={22},
  number={4},
  pages={1818--1825},
  year={2021},
  publisher={ACS Publications}
}

@article{finco2021imaging,
  title={Imaging non-collinear antiferromagnetic textures via single spin relaxometry},
  author={Finco, Aurore and Haykal, Angela and Tanos, Rana and Fabre, Florentin and Chouaieb, Saddem and Akhtar, Waseem and Robert-Philip, Isabelle and Legrand, William and Ajejas, Fernando and Bouzehouane, Karim and others},
  journal={Nature communications},
  volume={12},
  number={1},
  pages={1--6},
  year={2021},
  publisher={Nature Publishing Group}
}

@article{serbyn2014interferometric,
  title={Interferometric probes of many-body localization},
  author={Serbyn, Maksym and Knap, Michael and Gopalakrishnan, Sarang and Papi{\'c}, Zlatko and Yao, Norman Ying and Laumann, Chris R and Abanin, Dmitry A and Lukin, Mikhail D and Demler, Eugene A},
  journal={Physical review letters},
  volume={113},
  number={14},
  pages={147204},
  year={2014},
  publisher={APS}
}

@article{pelliccione2014two,
  title={Two-dimensional nanoscale imaging of gadolinium spins via scanning probe relaxometry with a single spin in diamond},
  author={Pelliccione, Matthew and Myers, Bryan A and Pascal, LMA and Das, Anand and Jayich, AC Bleszynski},
  journal={Physical Review Applied},
  volume={2},
  number={5},
  pages={054014},
  year={2014},
  publisher={APS}
}

@article{schmid2015relaxometry,
  title={Relaxometry and dephasing imaging of superparamagnetic magnetite nanoparticles using a single qubit},
  author={Schmid-Lorch, Dominik and Häberle, Thomas and Reinhard, Friedemann and Zappe, Andrea and Slota, Michael and Bogani, Lapo and Finkler, Amit and Wrachtrup, Jörg},
  journal={Nano letters},
  volume={15},
  number={8},
  pages={4942--4947},
  year={2015},
  publisher={ACS Publications}
}

@article{tetienne2016scanning,
  title={Scanning nanospin ensemble microscope for nanoscale magnetic and thermal imaging},
  author={Tetienne, Jean-Philippe and Lombard, Alain and Simpson, David A and Ritchie, Cameron and Lu, Jianing and Mulvaney, Paul and Hollenberg, Lloyd CL},
  journal={Nano Letters},
  volume={16},
  number={1},
  pages={326--333},
  year={2016},
  publisher={ACS Publications}
}

@article{dreau2011avoiding,
  title={Avoiding power broadening in optically detected magnetic resonance of single NV defects for enhanced dc magnetic field sensitivity},
  author={Dr{\'e}au, A and Lesik, M and Rondin, L and Spinicelli, P and Arcizet, O and Roch, J-F and Jacques, V},
  journal={Physical Review B},
  volume={84},
  number={19},
  pages={195204},
  year={2011},
  publisher={APS}
}

@article{lee2013readout,
  title={Readout and control of a single nuclear spin with a metastable electron spin ancilla},
  author={Lee, Sang-Yun and Widmann, Matthias and Rendler, Torsten and Doherty, Marcus W and Babinec, Thomas M and Yang, Sen and Eyer, Moritz and Siyushev, Petr and Hausmann, Birgit JM and Loncar, Marko and others},
  journal={Nature nanotechnology},
  volume={8},
  number={7},
  pages={487--492},
  year={2013},
  publisher={Nature Publishing Group}
}

@article{john2017bright,
  title={Bright optical centre in diamond with narrow, highly polarised and nearly phonon-free fluorescence at room temperature},
  author={John, Roger and Lehnert, Jan and Mensing, Michael and Spemann, Daniel and Pezzagna, S{\'e}bastien and Meijer, Jan},
  journal={New Journal of Physics},
  volume={19},
  number={5},
  pages={053008},
  year={2017},
  publisher={IOP Publishing}
}

@article{barry2020sensitivity,
  title={Sensitivity optimization for NV-diamond magnetometry},
  author={Barry, John F and Schloss, Jennifer M and Bauch, Erik and Turner, Matthew J and Hart, Connor A and Pham, Linh M and Walsworth, Ronald L},
  journal={Reviews of Modern Physics},
  volume={92},
  number={1},
  pages={015004},
  year={2020},
  publisher={APS}
}

@article{bauch2020decoherence,
  title={Decoherence of ensembles of nitrogen-vacancy centers in diamond},
  author={Bauch, Erik and Singh, Swati and Lee, Junghyun and Hart, Connor A and Schloss, Jennifer M and Turner, Matthew J and Barry, John F and Pham, Linh M and Bar-Gill, Nir and Yelin, Susanne F and others},
  journal={Physical Review B},
  volume={102},
  number={13},
  pages={134210},
  year={2020},
  publisher={APS}
}


@article{van1997dependences,
  title={The dependences of ESR line widths and spin-spin relaxation times of single nitrogen defects on the concentration of nitrogen defects in diamond},
  author={Van Wyk, JA and Reynhardt, EC and High, GL and Kiflawi, I},
  journal={Journal of Physics D: Applied Physics},
  volume={30},
  number={12},
  pages={1790},
  year={1997},
  publisher={IOP Publishing}
}

@article{wang2022picotesla,
  title={Picotesla magnetometry of microwave fields with diamond sensors},
  author={Wang, Zhecheng and Kong, Fei and Zhao, Pengju and Huang, Zhehuang and Yu, Pei and Wang, Ya and Shi, Fazhan and Du, Jiangfeng},
  journal={arXiv preprint arXiv:2206.08533},
  year={2022}
}

@article{alsid2022solid,
  title={A Solid-State Microwave Magnetometer with Picotesla-Level Sensitivity},
  author={Alsid, Scott T and Schloss, Jennifer M and Steinecker, Matthew H and Barry, John F and Maccabe, Andrew C and Wang, Guoqing and Cappellaro, Paola and Braje, Danielle A},
  journal={arXiv preprint arXiv:2206.15440},
  year={2022}
}

@article{glover2003hydrogen,
  title={Hydrogen incorporation in diamond: The nitrogen-vacancy-hydrogen complex},
  author={Glover, Claire and Newton, ME and Martineau, P and Twitchen, DJ and Baker, JM},
  journal={Physical review letters},
  volume={90},
  number={18},
  pages={185507},
  year={2003},
  publisher={APS}
}

@article{glover2004hydrogen,
  title={Hydrogen incorporation in diamond: The vacancy-hydrogen complex},
  author={Glover, Claire and Newton, ME and Martineau, PM and Quinn, Samantha and Twitchen, DJ},
  journal={Physical review letters},
  volume={92},
  number={13},
  pages={135502},
  year={2004},
  publisher={APS}
}

@article{shaw2005importance,
  title={Importance of quantum tunneling in vacancy-hydrogen complexes in diamond},
  author={Shaw, MJ and Briddon, PR and Goss, JP and Rayson, MJ and Kerridge, Andrew and Harker, AH and Stoneham, AM},
  journal={Physical review letters},
  volume={95},
  number={10},
  pages={105502},
  year={2005},
  publisher={APS}
}

@phdthesis{cruddace2007magnetic,
  title={Magnetic resonance and optical studies of point defects in single crystal CVD diamond},
  author={Cruddace, Robin},
  year={2007},
  school={University of Warwick}
}

@phdthesis{hartland2014study,
  title={A study of point defects in CVD diamond using electron paramagnetic resonance and optical spectroscopy},
  author={Hartland, Christopher Brett},
  year={2014},
  school={University of Warwick UK}
}

@article{hounsome2006origin,
  title={Origin of brown coloration in diamond},
  author={Hounsome, LS and Jones, R and Martineau, PM and Fisher, D and Shaw, MJ and Briddon, PR and {\"O}berg, Sven},
  journal={Physical Review B},
  volume={73},
  number={12},
  pages={125203},
  year={2006},
  publisher={APS}
}

@article{newton2007epr,
  title={EPR, ENDOR and EPR Imaging of Defects in Diamond},
  author={Newton, ME},
  journal={Electron Paramagnetic Resonance},
  volume={20},
  pages={131--156},
  year={2007},
  publisher={The Royal Society of Chemistry}
}

@article{isoya1990fourier,
  title={Fourier-transform and continuous-wave EPR studies of nickel in synthetic diamond: Site and spin multiplicity},
  author={Isoya, J and Kanda, H and Norris, JR and Tang, J and Bowman, MK},
  journal={Physical Review B},
  volume={41},
  number={7},
  pages={3905},
  year={1990},
  publisher={APS}
}

@article{tetienne2012magnetic,
  title={Magnetic-field-dependent photodynamics of single NV defects in diamond: an application to qualitative all-optical magnetic imaging},
  author={Tetienne, JP and Rondin, L and Spinicelli, P and Chipaux, M and Debuisschert, T and Roch, JF and Jacques, V},
  journal={New Journal of Physics},
  volume={14},
  number={10},
  pages={103033},
  year={2012},
  publisher={IOP Publishing}
}

@inproceedings{zheng2017level,
  title={Level anti-crossing magnetometry with color centers in diamond},
  author={Zheng, Huijie and Chatzidrosos, Georgios and Wickenbrock, Arne and Bougas, Lykourgos and Lazda, Reinis and Berzins, Andris and Gahbauer, Florian Helmuth and Auzinsh, Marcis and Ferber, Ruvin and Budker, Dmitry},
  booktitle={Slow Light, Fast Light, and Opto-Atomic Precision Metrology X},
  volume={10119},
  pages={115--122},
  year={2017},
  organization={SPIE}
}

@article{zheng2020microwave,
  title={Microwave-free vector magnetometry with nitrogen-vacancy centers along a single axis in diamond},
  author={Zheng, Huijie and Sun, Zhiyin and Chatzidrosos, Georgios and Zhang, Chen and Nakamura, Kazuo and Sumiya, Hitoshi and Ohshima, Takeshi and Isoya, Junichi and Wrachtrup, J{\"o}rg and Wickenbrock, Arne and others},
  journal={Physical Review Applied},
  volume={13},
  number={4},
  pages={044023},
  year={2020},
  publisher={APS}
}

@article{pellet2021optical,
  title={Optical detection of paramagnetic defects in diamond grown by chemical vapor deposition},
  author={Pellet-Mary, Cl{\'e}ment and Huillery, Paul and Perdriat, Maxime and Tallaire, A and H{\'e}tet, Gabriel},
  journal={Physical Review B},
  volume={103},
  number={10},
  pages={L100411},
  year={2021},
  publisher={APS}
}

@article{simanovskaia2013sidebands,
  title={Sidebands in optically detected magnetic resonance signals of nitrogen vacancy centers in diamond},
  author={Simanovskaia, Maria and Jensen, Kasper and Jarmola, Andrey and Aulenbacher, Kurt and Manson, Neil and Budker, Dmitry},
  journal={Physical Review B},
  volume={87},
  number={22},
  pages={224106},
  year={2013},
  publisher={APS}
}

@article{tallaire2020high,
  title={High NV density in a pink CVD diamond grown with N2O addition},
  author={Tallaire, Alexandre and Brinza, Ovidiu and Huillery, Paul and Delord, Tom and Pellet-Mary, Cl{\'e}ment and Staacke, Robert and Abel, Bernd and Pezzagna, S{\'e}bastien and Meijer, Jan and Touati, Nadia and others},
  journal={Carbon},
  volume={170},
  pages={421--429},
  year={2020},
  publisher={Elsevier}
}

@book{eaton2010quantitative,
  title={Quantitative Epr},
  author={Eaton, Gareth R and Eaton, Sandra S and Barr, David P and Weber, Ralph T},
  year={2010},
  publisher={Springer Science \& Business Media}
}

@article{mitchell2013x,
  title={X-band rapid-scan EPR of samples with long electron spin relaxation times: a comparison of continuous wave, pulse and rapid-scan EPR},
  author={Mitchell, Deborah G and Tseitlin, Mark and Quine, Richard W and Meyer, Virginia and Newton, Mark E and Schnegg, Alexander and George, Benjamin and Eaton, Sandra S and Eaton, Gareth R},
  journal={Molecular Physics},
  volume={111},
  number={18-19},
  pages={2664--2673},
  year={2013},
  publisher={Taylor \& Francis}
}

@article{choi2017depolarization,
  title={Depolarization dynamics in a strongly interacting solid-state spin ensemble},
  author={Choi, Joonhee and Choi, Soonwon and Kucsko, Georg and Maurer, Peter C and Shields, Brendan J and Sumiya, Hitoshi and Onoda, Shinobu and Isoya, Junichi and Demler, Eugene and Jelezko, Fedor and others},
  journal={Physical review letters},
  volume={118},
  number={9},
  pages={093601},
  year={2017},
  publisher={APS}
}

@article{ngambou2022improving,
  title={Improving NV centre density during diamond growth by CVD process using N2O gas},
  author={Ngambou, Midrel Wilfried Ngandeu and Pellet-Mary, Cl{\'e}ment and Brinza, Ovidiu and Antonino, Alessi and Hetet, Gabriel and Tallaire, Alexandre and B{\'e}n{\'e}dic, Fabien and Achard, Jocelyn},
  journal={Diamond and Related Materials},
  volume={123},
  pages={108884},
  year={2022},
  publisher={Elsevier}
}

@article{wunderlich2021magnetic,
  title={Magnetic field and angle-dependent photoluminescence of a fiber-coupled nitrogen vacancy rich diamond},
  author={Wunderlich, Ralf and Staacke, Robert and Knolle, Wolfgang and Abel, Bernd and Meijer, Jan},
  journal={Journal of Applied Physics},
  volume={130},
  number={12},
  pages={124901},
  year={2021},
  publisher={AIP Publishing LLC}
}

@article{holliday1989optical,
  title={Optical hole-bleaching by level anti-crossing and cross relaxation in the NV centre in diamond},
  author={Holliday, K and Manson, NB and Glasbeek, M and Van Oort, E},
  journal={Journal of Physics: Condensed Matter},
  volume={1},
  number={39},
  pages={7093},
  year={1989},
  publisher={IOP Publishing}
}

@article{van1989cross,
  title={Cross-relaxation dynamics of optically excited N-V centers in diamond},
  author={van Oort, Eric and Glasbeek, Max},
  journal={Physical Review B},
  volume={40},
  number={10},
  pages={6509},
  year={1989},
  publisher={APS}
}

@article{jarmola2012temperature,
  title={Temperature-and magnetic-field-dependent longitudinal spin relaxation in nitrogen-vacancy ensembles in diamond},
  author={Jarmola, A and Acosta, VM and Jensen, K and Chemerisov, S and Budker, D},
  journal={Physical review letters},
  volume={108},
  number={19},
  pages={197601},
  year={2012},
  publisher={APS}
}

@article{mrozek2015longitudinal,
  title={Longitudinal spin relaxation in nitrogen-vacancy ensembles in diamond},
  author={Mr{\'o}zek, Mariusz and Rudnicki, Daniel and Kehayias, Pauli and Jarmola, Andrey and Budker, Dmitry and Gawlik, Wojciech},
  journal={EPJ Quantum Technology},
  volume={2},
  pages={1--11},
  year={2015},
  publisher={Springer}
}

@article{jarmola2015longitudinal,
  title={Longitudinal spin-relaxation in nitrogen-vacancy centers in electron irradiated diamond},
  author={Jarmola, A and Berzins, A and Smits, J and Smits, K and Prikulis, J and Gahbauer, F and Ferber, R and Erts, D and Auzinsh, M and Budker, D},
  journal={Applied Physics Letters},
  volume={107},
  number={24},
  pages={242403},
  year={2015},
  publisher={AIP Publishing LLC}
}

@article{choi2017depolarization,
  title={Depolarization dynamics in a strongly interacting solid-state spin ensemble},
  author={Choi, Joonhee and Choi, Soonwon and Kucsko, Georg and Maurer, Peter C and Shields, Brendan J and Sumiya, Hitoshi and Onoda, Shinobu and Isoya, Junichi and Demler, Eugene and Jelezko, Fedor and others},
  journal={Physical review letters},
  volume={118},
  number={9},
  pages={093601},
  year={2017},
  publisher={APS}
}

@article{akhmedzhanov2017microwave,
  title={Microwave-free magnetometry based on cross-relaxation resonances in diamond nitrogen-vacancy centers},
  author={Akhmedzhanov, Rinat and Gushchin, Lev and Nizov, Nikolay and Nizov, Vladimir and Sobgayda, Dmitry and Zelensky, Ilya and Hemmer, Philip},
  journal={Physical Review A},
  volume={96},
  number={1},
  pages={013806},
  year={2017},
  publisher={APS}
}

@article{giri2018coupled,
  title={Coupled charge and spin dynamics in high-density ensembles of nitrogen-vacancy centers in diamond},
  author={Giri, R and Gorrini, F and Dorigoni, C and Avalos, CE and Cazzanelli, M and Tambalo, S and Bifone, A},
  journal={Physical Review B},
  volume={98},
  number={4},
  pages={045401},
  year={2018},
  publisher={APS}
}

 @misc{ wiki:VoigtProfile,
   author = "{Wikipedia contributors}",
   title = "Voigt profile",
   year = "2022",
   url = "https://en.wikipedia.org/wiki/Voigt_profile#Pseudo-Voigt_approximation",
   note = "[Online; accessed 08-August-2022]"
 }

@article{ida2000extended,
  title={Extended pseudo-Voigt function for approximating the Voigt profile},
  author={Ida, T and Ando, M and Toraya, H},
  journal={Journal of Applied Crystallography},
  volume={33},
  number={6},
  pages={1311--1316},
  year={2000},
  publisher={International Union of Crystallography}
}

@article{feher1959electron,
  title={Electron spin resonance experiments on donors in silicon. II. Electron spin relaxation effects},
  author={Feher, G and Gere, EA},
  journal={Physical Review},
  volume={114},
  number={5},
  pages={1245},
  year={1959},
  publisher={APS}
}

@article{honig1960electron,
  title={Electron spin-lattice relaxation in phosphorus-doped silicon},
  author={Honig, A and Stupp, E},
  journal={Physical Review},
  volume={117},
  number={1},
  pages={69},
  year={1960},
  publisher={APS}
}

@article{sugihara1963spin,
  title={Spin-Lattice Relaxation of Shallow Donors in Heavily Doped Si},
  author={Sugihara, Ko},
  journal={Journal of the Physical Society of Japan},
  volume={18},
  number={7},
  pages={961--969},
  year={1963},
  publisher={The Physical Society of Japan}
}

@article{yang1968concentration,
  title={Concentration-and Compensation-Dependent Spin-Lattice Relaxation in N-Type Silicon},
  author={Yang, G and Honig, A},
  journal={Physical Review},
  volume={168},
  number={2},
  pages={271},
  year={1968},
  publisher={APS}
}

@article{vugmeister1978spin,
  title={Spin diffusion and spin--lattice relaxation in paramagnetic crystals},
  author={Vugmeister, BE},
  journal={physica status solidi (b)},
  volume={90},
  number={2},
  pages={711--718},
  year={1978},
  publisher={Wiley Online Library}
}

@article{berman2005spin,
  title={Spin diffusion and relaxation in a nonuniform magnetic field},
  author={Berman, GP and Chernobrod, BM and Gorshkov, VN and Tsifrinovich, VI},
  journal={Physical Review B},
  volume={71},
  number={18},
  pages={184409},
  year={2005},
  publisher={APS}
}

@article{bloembergen1949interaction,
  title={On the interaction of nuclear spins in a crystalline lattice},
  author={Bloembergen, Nicolaas},
  journal={Physica},
  volume={15},
  number={3-4},
  pages={386--426},
  year={1949},
  publisher={Elsevier}
}

@article{de1958relaxation,
  title={Sur la relaxation nucleaire dans les cristaux ioniques},
  author={De Gennes, PG},
  journal={Journal of Physics and Chemistry of Solids},
  volume={7},
  number={4},
  pages={345--350},
  year={1958},
  publisher={Elsevier}
}

@article{blumberg1960nuclear,
  title={Nuclear spin-lattice relaxation caused by paramagnetic impurities},
  author={Blumberg, WE},
  journal={Physical Review},
  volume={119},
  number={1},
  pages={79},
  year={1960},
  publisher={APS}
}

@article{forster1949experimentelle,
  title={Experimentelle und theoretische Untersuchung des zwischenmolekularen {\"U}bergangs von Elektronenanregungsenergie},
  author={F{\"o}rster, Theodor},
  journal={Zeitschrift f{\"u}r naturforschung A},
  volume={4},
  number={5},
  pages={321--327},
  year={1949},
  publisher={De Gruyter}
}

@article{eisenthal1964influence,
  title={Influence of resonance transfer on luminescence decay},
  author={Eisenthal, KB and Siegel, S},
  journal={The Journal of Chemical Physics},
  volume={41},
  number={3},
  pages={652--655},
  year={1964},
  publisher={American Institute of Physics}
}

@article{yokota1967effects,
  title={Effects of diffusion on energy transfer by resonance},
  author={Yokota, Mario and Tanimoto, Osamu},
  journal={Journal of the physical society of Japan},
  volume={22},
  number={3},
  pages={779--784},
  year={1967},
  publisher={The Physical Society of Japan}
}

@article{manson2018nv,
  title={NV---N+ pair centre in 1b diamond},
  author={Manson, Neil B and Hedges, Morgan and Barson, Michael SJ and Ahlefeldt, Rose and Doherty, Marcus W and Abe, Hiroshi and Ohshima, Takeshi and Sellars, Matthew J},
  journal={New Journal of Physics},
  volume={20},
  number={11},
  pages={113037},
  year={2018},
  publisher={IOP Publishing}
}

@article{rosskopf2014investigation,
  title={Investigation of surface magnetic noise by shallow spins in diamond},
  author={Rosskopf, T and Dussaux, A and Ohashi, K and Loretz, M and Schirhagl, Romana and Watanabe, H and Shikata, S and Itoh, Kohei M and Degen, CL},
  journal={Physical review letters},
  volume={112},
  number={14},
  pages={147602},
  year={2014},
  publisher={APS}
}

@article{warren1964spin,
  title={Spin-lattice relaxation of F centers in KCl: interacting F centers},
  author={Warren, Roger W and Feldman, DW and Castle Jr, JG},
  journal={Physical Review},
  volume={136},
  number={5A},
  pages={A1347},
  year={1964},
  publisher={APS}
}
