
@article{manson_nv_2018,
	title = {{NV} $^{\textrm{−}}$ –{N} $^{\textrm{+}}$ pair centre in 1b diamond},
	volume = {20},
	issn = {1367-2630},
	url = {https://iopscience.iop.org/article/10.1088/1367-2630/aaec58},
	doi = {10.1088/1367-2630/aaec58},
	language = {en},
	number = {11},
	urldate = {2020-07-29},
	journal = {New J. Phys.},
	author = {Manson, Neil B and Hedges, Morgan and Barson, Michael S J and Ahlefeldt, Rose and Doherty, Marcus W and Abe, Hiroshi and Ohshima, Takeshi and Sellars, Matthew J},
	month = nov,
	year = {2018},
	pages = {113037},
	file = {Manson et al. - 2018 - NV − –N + pair centre in 1b .pdf:/home/zouzou/Zotero/storage/D2US3P9Z/Manson et al. - 2018 - NV − –N + pair centre in 1b .pdf:application/pdf}
}
