@book{gerd2007quantum,
  title={Quantum information with continuous variables of atoms and light},
  author={Gerd, Leuchs and others},
  year={2007},
  publisher={World Scientific}
}

@article{simon2000peres,
  title={Peres-Horodecki separability criterion for continuous variable systems},
  author={Simon, Rajiah},
  journal={Physical Review Letters},
  volume={84},
  number={12},
  pages={2726},
  year={2000},
  publisher={APS}
}

@article{duan2000inseparability,
  title={Inseparability criterion for continuous variable systems},
  author={Duan, Lu-Ming and Giedke, G{\'e}za and Cirac, Juan Ignacio and Zoller, Peter},
  journal={Physical Review Letters},
  volume={84},
  number={12},
  pages={2722},
  year={2000},
  publisher={APS}
}

@article{braunstein2005quantum,
  title={Quantum information with continuous variables},
  author={Braunstein, Samuel L and Van Loock, Peter},
  journal={Reviews of modern physics},
  volume={77},
  number={2},
  pages={513},
  year={2005},
  publisher={APS}
}