
@article{simanovskaia_sidebands_2013,
	title = {Sidebands in optically detected magnetic resonance signals of nitrogen vacancy centers in diamond},
	volume = {87},
	issn = {1098-0121, 1550-235X},
	url = {https://link.aps.org/doi/10.1103/PhysRevB.87.224106},
	doi = {10.1103/PhysRevB.87.224106},
	language = {en},
	number = {22},
	urldate = {2020-06-12},
	journal = {Phys. Rev. B},
	author = {Simanovskaia, Maria and Jensen, Kasper and Jarmola, Andrey and Aulenbacher, Kurt and Manson, Neil and Budker, Dmitry},
	month = jun,
	year = {2013},
	pages = {224106},
	file = {Simanovskaia et al. - 2013 - Sidebands in optically detected magnetic resonance.pdf:/home/zouzou/Zotero/storage/79XBFCK8/Simanovskaia et al. - 2013 - Sidebands in optically detected magnetic resonance.pdf:application/pdf}
}
