@article{doherty2012theory,
  title={Theory of the ground-state spin of the NV- center in diamond},
  author={Doherty, MW and Dolde, F and Fedder, H and Jelezko, Fedor and Wrachtrup, J and Manson, NB and Hollenberg, LCL},
  journal={Physical Review B},
  volume={85},
  number={20},
  pages={205203},
  year={2012},
  publisher={APS}
}

@article{smeltzer201113c,
  title={13C hyperfine interactions in the nitrogen-vacancy centre in diamond},
  author={Smeltzer, Benjamin and Childress, Lilian and Gali, Adam},
  journal={New Journal of Physics},
  volume={13},
  number={2},
  pages={025021},
  year={2011},
  publisher={IOP Publishing}
}

@misc{jackson1999classical,
  title={Classical electrodynamics},
  author={Jackson, John David},
  year={1999},
  publisher={American Association of Physics Teachers}
}

@article{van1989cross,
  title={Cross-relaxation dynamics of optically excited N-V centers in diamond},
  author={van Oort, Eric and Glasbeek, Max},
  journal={Physical Review B},
  volume={40},
  number={10},
  pages={6509},
  year={1989},
  publisher={APS}
}

@article{holliday1989optical,
  title={Optical hole-bleaching by level anti-crossing and cross relaxation in the NV centre in diamond},
  author={Holliday, K and Manson, NB and Glasbeek, M and Van Oort, E},
  journal={Journal of Physics: Condensed Matter},
  volume={1},
  number={39},
  pages={7093},
  year={1989},
  publisher={IOP Publishing}
}

@article{armstrong2010nv,
  title={NV--NV electron--electron spin and NV--NS electron—electron and electron-nuclear spin interaction in diamond},
  author={Armstrong, Seiji and Rogers, Lachlan J and McMurtrie, Roger L and Manson, Neil B},
  journal={Physics Procedia},
  volume={3},
  number={4},
  pages={1569--1575},
  year={2010},
  publisher={Elsevier}
}

@article{hall2016detection,
  title={Detection of nanoscale electron spin resonance spectra demonstrated using nitrogen-vacancy centre probes in diamond},
  author={Hall, LT and Kehayias, Pauli and Simpson, DA and Jarmola, Andrey and Stacey, Alastair and Budker, Dmitry and Hollenberg, LCL},
  journal={Nature communications},
  volume={7},
  number={1},
  pages={1--9},
  year={2016},
  publisher={Nature Publishing Group}
}

@article{wood2016wide,
  title={Wide-band nanoscale magnetic resonance spectroscopy using quantum relaxation of a single spin in diamond},
  author={Wood, James DA and Broadway, David A and Hall, Liam T and Stacey, Alastair and Simpson, David A and Tetienne, Jean-Philippe and Hollenberg, Lloyd CL},
  journal={Physical Review B},
  volume={94},
  number={15},
  pages={155402},
  year={2016},
  publisher={APS}
}


@article{wickenbrock2016microwave,
  title={Microwave-free magnetometry with nitrogen-vacancy centers in diamond},
  author={Wickenbrock, Arne and Zheng, Huijie and Bougas, Lykourgos and Leefer, Nathan and Afach, Samer and Jarmola, Andrey and Acosta, Victor M and Budker, Dmitry},
  journal={Applied Physics Letters},
  volume={109},
  number={5},
  pages={053505},
  year={2016},
  publisher={AIP Publishing LLC}
}

@article{alfasi2019detection,
  title={Detection of paramagnetic defects in diamond using off-resonance excitation of NV centers},
  author={Alfasi, Nir and Masis, Sergei and Shtempluck, Oleg and Buks, Eyal},
  journal={Physical Review B},
  volume={99},
  number={21},
  pages={214111},
  year={2019},
  publisher={APS}
}

@article{lazda2021cross,
  title={Cross-relaxation studies with optically detected magnetic resonances in nitrogen-vacancy centers in diamond in external magnetic field},
  author={Lazda, Reinis and Busaite, Laima and Berzins, Andris and Smits, Janis and Gahbauer, Florian and Auzinsh, Marcis and Budker, Dmitry and Ferber, Ruvin},
  journal={Physical Review B},
  volume={103},
  number={13},
  pages={134104},
  year={2021},
  publisher={APS}
}

@article{steinert2013magnetic,
  title={Magnetic spin imaging under ambient conditions with sub-cellular resolution},
  author={Steinert, S and Ziem, F and Hall, LT and Zappe, A and Schweikert, M and G{\"o}tz, N and Aird, A and Balasubramanian, G and Hollenberg, L and Wrachtrup, J},
  journal={Nature communications},
  volume={4},
  number={1},
  pages={1--6},
  year={2013},
  publisher={Nature Publishing Group}
}

@article{tetienne2013spin,
  title={Spin relaxometry of single nitrogen-vacancy defects in diamond nanocrystals for magnetic noise sensing},
  author={Tetienne, J-P and Hingant, T and Rondin, L and Cavaill{\`e}s, A and Mayer, L and Dantelle, G and Gacoin, T and Wrachtrup, J and Roch, J-F and Jacques, V},
  journal={Physical Review B},
  volume={87},
  number={23},
  pages={235436},
  year={2013},
  publisher={APS}
}

@article{nie2021quantum,
  title={Quantum sensing of free radicals in primary human dendritic cells},
  author={Nie, Linyan and Nusantara, Anggrek C and Damle, Viraj G and Baranov, Maxim V and Chipaux, Mayeul and Reyes-San-Martin, Claudia and Hamoh, Thamir and Epperla, Chandra Prakash and Guricova, Miroslava and Cigler, Petr and others},
  journal={Nano letters},
  volume={22},
  number={4},
  pages={1818--1825},
  year={2021},
  publisher={ACS Publications}
}

@article{finco2021imaging,
  title={Imaging non-collinear antiferromagnetic textures via single spin relaxometry},
  author={Finco, Aurore and Haykal, Angela and Tanos, Rana and Fabre, Florentin and Chouaieb, Saddem and Akhtar, Waseem and Robert-Philip, Isabelle and Legrand, William and Ajejas, Fernando and Bouzehouane, Karim and others},
  journal={Nature communications},
  volume={12},
  number={1},
  pages={1--6},
  year={2021},
  publisher={Nature Publishing Group}
}

@article{serbyn2014interferometric,
  title={Interferometric probes of many-body localization},
  author={Serbyn, Maksym and Knap, Michael and Gopalakrishnan, Sarang and Papi{\'c}, Zlatko and Yao, Norman Ying and Laumann, Chris R and Abanin, Dmitry A and Lukin, Mikhail D and Demler, Eugene A},
  journal={Physical review letters},
  volume={113},
  number={14},
  pages={147204},
  year={2014},
  publisher={APS}
}

@article{pelliccione2014two,
  title={Two-dimensional nanoscale imaging of gadolinium spins via scanning probe relaxometry with a single spin in diamond},
  author={Pelliccione, Matthew and Myers, Bryan A and Pascal, LMA and Das, Anand and Jayich, AC Bleszynski},
  journal={Physical Review Applied},
  volume={2},
  number={5},
  pages={054014},
  year={2014},
  publisher={APS}
}

@article{schmid2015relaxometry,
  title={Relaxometry and dephasing imaging of superparamagnetic magnetite nanoparticles using a single qubit},
  author={Schmid-Lorch, Dominik and Häberle, Thomas and Reinhard, Friedemann and Zappe, Andrea and Slota, Michael and Bogani, Lapo and Finkler, Amit and Wrachtrup, Jörg},
  journal={Nano letters},
  volume={15},
  number={8},
  pages={4942--4947},
  year={2015},
  publisher={ACS Publications}
}

@article{tetienne2016scanning,
  title={Scanning nanospin ensemble microscope for nanoscale magnetic and thermal imaging},
  author={Tetienne, Jean-Philippe and Lombard, Alain and Simpson, David A and Ritchie, Cameron and Lu, Jianing and Mulvaney, Paul and Hollenberg, Lloyd CL},
  journal={Nano Letters},
  volume={16},
  number={1},
  pages={326--333},
  year={2016},
  publisher={ACS Publications}
}

@article{dreau2011avoiding,
  title={Avoiding power broadening in optically detected magnetic resonance of single NV defects for enhanced dc magnetic field sensitivity},
  author={Dr{\'e}au, A and Lesik, M and Rondin, L and Spinicelli, P and Arcizet, O and Roch, J-F and Jacques, V},
  journal={Physical Review B},
  volume={84},
  number={19},
  pages={195204},
  year={2011},
  publisher={APS}
}

@article{lee2013readout,
  title={Readout and control of a single nuclear spin with a metastable electron spin ancilla},
  author={Lee, Sang-Yun and Widmann, Matthias and Rendler, Torsten and Doherty, Marcus W and Babinec, Thomas M and Yang, Sen and Eyer, Moritz and Siyushev, Petr and Hausmann, Birgit JM and Loncar, Marko and others},
  journal={Nature nanotechnology},
  volume={8},
  number={7},
  pages={487--492},
  year={2013},
  publisher={Nature Publishing Group}
}

@article{john2017bright,
  title={Bright optical centre in diamond with narrow, highly polarised and nearly phonon-free fluorescence at room temperature},
  author={John, Roger and Lehnert, Jan and Mensing, Michael and Spemann, Daniel and Pezzagna, S{\'e}bastien and Meijer, Jan},
  journal={New Journal of Physics},
  volume={19},
  number={5},
  pages={053008},
  year={2017},
  publisher={IOP Publishing}
}
