@article{smeltzer201113c,
  title={13C hyperfine interactions in the nitrogen-vacancy centre in diamond},
  author={Smeltzer, Benjamin and Childress, Lilian and Gali, Adam},
  journal={New Journal of Physics},
  volume={13},
  number={2},
  pages={025021},
  year={2011},
  publisher={IOP Publishing}
}
