@article{Lukin_depolarization,
  title={Depolarization dynamics in a strongly interacting solid-state spin ensemble},
  author={Choi, Joonhee and Choi, Soonwon and Kucsko, Georg and Maurer, Peter C and Shields, Brendan J and Sumiya, Hitoshi and Onoda, Shinobu and Isoya, Junichi and Demler, Eugene and Jelezko, Fedor and others},
  journal={Physical review letters},
  volume={118},
  number={9},
  pages={093601},
  year={2017},
  publisher={APS}
}
@article{Lukin_critical,
  title={Critical thermalization of a disordered dipolar spin system in diamond},
  author={Kucsko, Georg and Choi, Soonwon and Choi, Joonhee and Maurer, Peter C and Zhou, Hengyun and Landig, Renate and Sumiya, Hitoshi and Onoda, Shinobu and Isoya, Junich and Jelezko, Fedor and others},
  journal={Physical review letters},
  volume={121},
  number={2},
  pages={023601},
  year={2018},
  publisher={APS}
}
@article{Budker_2012,
  title = {Temperature- and Magnetic-Field-Dependent Longitudinal Spin Relaxation in Nitrogen-Vacancy Ensembles in Diamond},
  author = {Jarmola, A. and Acosta, V. M. and Jensen, K. and Chemerisov, S. and Budker, D.},
  journal = {Phys. Rev. Lett.},
  volume = {108},
  issue = {19},
  pages = {197601},
  numpages = {5},
  year = {2012},
  month = {May},
  publisher = {American Physical Society},
  doi = {10.1103/PhysRevLett.108.197601},
  url = {https://link.aps.org/doi/10.1103/PhysRevLett.108.197601}
}
@article{Budker_2015,
  title={Longitudinal spin-relaxation in nitrogen-vacancy centers in electron irradiated diamond},
  author={Jarmola, A and Berzins, A and Smits, J and Smits, K and Prikulis, J and Gahbauer, F and Ferber, R and Erts, D and Auzinsh, M and Budker, D},
  journal={Applied Physics Letters},
  volume={107},
  number={24},
  pages={242403},
  year={2015},
  publisher={AIP Publishing LLC}
}
@article{Bifone_2019,
  title={Selective measurement of charge dynamics in an ensemble of nitrogen-vacancy centers in nanodiamond and bulk diamond},
  author={Giri, R and Dorigoni, C and Tambalo, S and Gorrini, F and Bifone, A},
  journal={Physical Review B},
  volume={99},
  number={15},
  pages={155426},
  year={2019},
  publisher={APS}
}
@article{Bifone_2018,
  title = {Coupled charge and spin dynamics in high-density ensembles of nitrogen-vacancy centers in diamond},
  author = {Giri, R. and Gorrini, F. and Dorigoni, C. and Avalos, C. E. and Cazzanelli, M. and Tambalo, S. and Bifone, A.},
  journal = {Phys. Rev. B},
  volume = {98},
  issue = {4},
  pages = {045401},
  numpages = {7},
  year = {2018},
  month = {Jul},
  publisher = {American Physical Society},
  doi = {10.1103/PhysRevB.98.045401},
  url = {https://link.aps.org/doi/10.1103/PhysRevB.98.045401}
}
@article{Hemmer_2017,
  title = {Microwave-free magnetometry based on cross-relaxation resonances in diamond nitrogen-vacancy centers},
  author = {Akhmedzhanov, Rinat and Gushchin, Lev and Nizov, Nikolay and Nizov, Vladimir and Sobgayda, Dmitry and Zelensky, Ilya and Hemmer, Philip},
  journal = {Phys. Rev. A},
  volume = {96},
  issue = {1},
  pages = {013806},
  numpages = {6},
  year = {2017},
  month = {Jul},
  publisher = {American Physical Society},
  doi = {10.1103/PhysRevA.96.013806},
  url = {https://link.aps.org/doi/10.1103/PhysRevA.96.013806}
}

@article{Hemmer_2019,
  title = {Magnetometry by cross-relaxation-resonance detection in ensembles of nitrogen-vacancy centers},
  author = {Akhmedzhanov, Rinat and Gushchin, Lev and Nizov, Nikolay and Nizov, Vladimir and Sobgayda, Dmitry and Zelensky, Ilya and Hemmer, Philip},
  journal = {Phys. Rev. A},
  volume = {100},
  issue = {4},
  pages = {043844},
  numpages = {6},
  year = {2019},
  month = {Oct},
  publisher = {American Physical Society},
  doi = {10.1103/PhysRevA.100.043844},
  url = {https://link.aps.org/doi/10.1103/PhysRevA.100.043844}
}
@article{Gawlik_2015,
  title={Longitudinal spin relaxation in nitrogen-vacancy ensembles in diamond},
  author={Mr{\'o}zek, Mariusz and Rudnicki, Daniel and Kehayias, Pauli and Jarmola, Andrey and Budker, Dmitry and Gawlik, Wojciech},
  journal={EPJ Quantum Technology},
  volume={2},
  number={1},
  pages={22},
  year={2015},
  publisher={Springer}
}