@article{doherty2012theory,
  title={Theory of the ground-state spin of the NV- center in diamond},
  author={Doherty, MW and Dolde, F and Fedder, H and Jelezko, Fedor and Wrachtrup, J and Manson, NB and Hollenberg, LCL},
  journal={Physical Review B},
  volume={85},
  number={20},
  pages={205203},
  year={2012},
  publisher={APS}
}

@article{smeltzer201113c,
  title={13C hyperfine interactions in the nitrogen-vacancy centre in diamond},
  author={Smeltzer, Benjamin and Childress, Lilian and Gali, Adam},
  journal={New Journal of Physics},
  volume={13},
  number={2},
  pages={025021},
  year={2011},
  publisher={IOP Publishing}
}

@misc{jackson1999classical,
  title={Classical electrodynamics},
  author={Jackson, John David},
  year={1999},
  publisher={American Association of Physics Teachers}
}

@article{van1989cross,
  title={Cross-relaxation dynamics of optically excited N-V centers in diamond},
  author={van Oort, Eric and Glasbeek, Max},
  journal={Physical Review B},
  volume={40},
  number={10},
  pages={6509},
  year={1989},
  publisher={APS}
}

@article{holliday1989optical,
  title={Optical hole-bleaching by level anti-crossing and cross relaxation in the NV centre in diamond},
  author={Holliday, K and Manson, NB and Glasbeek, M and Van Oort, E},
  journal={Journal of Physics: Condensed Matter},
  volume={1},
  number={39},
  pages={7093},
  year={1989},
  publisher={IOP Publishing}
}

@article{epstein2005anisotropic,
  title={Anisotropic interactions of a single spin and dark-spin spectroscopy in diamond},
  author={Epstein, RJ and Mendoza, FM and Kato, YK and Awschalom, DD},
  journal={Nature physics},
  volume={1},
  number={2},
  pages={94--98},
  year={2005},
  publisher={Nature Publishing Group}
}

@article{armstrong2010nv,
  title={NV--NV electron--electron spin and NV--NS electron—electron and electron-nuclear spin interaction in diamond},
  author={Armstrong, Seiji and Rogers, Lachlan J and McMurtrie, Roger L and Manson, Neil B},
  journal={Physics Procedia},
  volume={3},
  number={4},
  pages={1569--1575},
  year={2010},
  publisher={Elsevier}
}

@article{hall2016detection,
  title={Detection of nanoscale electron spin resonance spectra demonstrated using nitrogen-vacancy centre probes in diamond},
  author={Hall, LT and Kehayias, Pauli and Simpson, DA and Jarmola, Andrey and Stacey, Alastair and Budker, Dmitry and Hollenberg, LCL},
  journal={Nature communications},
  volume={7},
  number={1},
  pages={1--9},
  year={2016},
  publisher={Nature Publishing Group}
}

@article{wood2016wide,
  title={Wide-band nanoscale magnetic resonance spectroscopy using quantum relaxation of a single spin in diamond},
  author={Wood, James DA and Broadway, David A and Hall, Liam T and Stacey, Alastair and Simpson, David A and Tetienne, Jean-Philippe and Hollenberg, Lloyd CL},
  journal={Physical Review B},
  volume={94},
  number={15},
  pages={155402},
  year={2016},
  publisher={APS}
}


@article{wickenbrock2016microwave,
  title={Microwave-free magnetometry with nitrogen-vacancy centers in diamond},
  author={Wickenbrock, Arne and Zheng, Huijie and Bougas, Lykourgos and Leefer, Nathan and Afach, Samer and Jarmola, Andrey and Acosta, Victor M and Budker, Dmitry},
  journal={Applied Physics Letters},
  volume={109},
  number={5},
  pages={053505},
  year={2016},
  publisher={AIP Publishing LLC}
}

@article{alfasi2019detection,
  title={Detection of paramagnetic defects in diamond using off-resonance excitation of NV centers},
  author={Alfasi, Nir and Masis, Sergei and Shtempluck, Oleg and Buks, Eyal},
  journal={Physical Review B},
  volume={99},
  number={21},
  pages={214111},
  year={2019},
  publisher={APS}
}

@article{lazda2021cross,
  title={Cross-relaxation studies with optically detected magnetic resonances in nitrogen-vacancy centers in diamond in external magnetic field},
  author={Lazda, Reinis and Busaite, Laima and Berzins, Andris and Smits, Janis and Gahbauer, Florian and Auzinsh, Marcis and Budker, Dmitry and Ferber, Ruvin},
  journal={Physical Review B},
  volume={103},
  number={13},
  pages={134104},
  year={2021},
  publisher={APS}
}

@article{steinert2013magnetic,
  title={Magnetic spin imaging under ambient conditions with sub-cellular resolution},
  author={Steinert, S and Ziem, F and Hall, LT and Zappe, A and Schweikert, M and G{\"o}tz, N and Aird, A and Balasubramanian, G and Hollenberg, L and Wrachtrup, J},
  journal={Nature communications},
  volume={4},
  number={1},
  pages={1--6},
  year={2013},
  publisher={Nature Publishing Group}
}

@article{tetienne2013spin,
  title={Spin relaxometry of single nitrogen-vacancy defects in diamond nanocrystals for magnetic noise sensing},
  author={Tetienne, J-P and Hingant, T and Rondin, L and Cavaill{\`e}s, A and Mayer, L and Dantelle, G and Gacoin, T and Wrachtrup, J and Roch, J-F and Jacques, V},
  journal={Physical Review B},
  volume={87},
  number={23},
  pages={235436},
  year={2013},
  publisher={APS}
}

@article{nie2021quantum,
  title={Quantum sensing of free radicals in primary human dendritic cells},
  author={Nie, Linyan and Nusantara, Anggrek C and Damle, Viraj G and Baranov, Maxim V and Chipaux, Mayeul and Reyes-San-Martin, Claudia and Hamoh, Thamir and Epperla, Chandra Prakash and Guricova, Miroslava and Cigler, Petr and others},
  journal={Nano letters},
  volume={22},
  number={4},
  pages={1818--1825},
  year={2021},
  publisher={ACS Publications}
}

@article{finco2021imaging,
  title={Imaging non-collinear antiferromagnetic textures via single spin relaxometry},
  author={Finco, Aurore and Haykal, Angela and Tanos, Rana and Fabre, Florentin and Chouaieb, Saddem and Akhtar, Waseem and Robert-Philip, Isabelle and Legrand, William and Ajejas, Fernando and Bouzehouane, Karim and others},
  journal={Nature communications},
  volume={12},
  number={1},
  pages={1--6},
  year={2021},
  publisher={Nature Publishing Group}
}

@article{serbyn2014interferometric,
  title={Interferometric probes of many-body localization},
  author={Serbyn, Maksym and Knap, Michael and Gopalakrishnan, Sarang and Papi{\'c}, Zlatko and Yao, Norman Ying and Laumann, Chris R and Abanin, Dmitry A and Lukin, Mikhail D and Demler, Eugene A},
  journal={Physical review letters},
  volume={113},
  number={14},
  pages={147204},
  year={2014},
  publisher={APS}
}

@article{pelliccione2014two,
  title={Two-dimensional nanoscale imaging of gadolinium spins via scanning probe relaxometry with a single spin in diamond},
  author={Pelliccione, Matthew and Myers, Bryan A and Pascal, LMA and Das, Anand and Jayich, AC Bleszynski},
  journal={Physical Review Applied},
  volume={2},
  number={5},
  pages={054014},
  year={2014},
  publisher={APS}
}

@article{schmid2015relaxometry,
  title={Relaxometry and dephasing imaging of superparamagnetic magnetite nanoparticles using a single qubit},
  author={Schmid-Lorch, Dominik and Häberle, Thomas and Reinhard, Friedemann and Zappe, Andrea and Slota, Michael and Bogani, Lapo and Finkler, Amit and Wrachtrup, Jörg},
  journal={Nano letters},
  volume={15},
  number={8},
  pages={4942--4947},
  year={2015},
  publisher={ACS Publications}
}

@article{tetienne2016scanning,
  title={Scanning nanospin ensemble microscope for nanoscale magnetic and thermal imaging},
  author={Tetienne, Jean-Philippe and Lombard, Alain and Simpson, David A and Ritchie, Cameron and Lu, Jianing and Mulvaney, Paul and Hollenberg, Lloyd CL},
  journal={Nano Letters},
  volume={16},
  number={1},
  pages={326--333},
  year={2016},
  publisher={ACS Publications}
}

@article{dreau2011avoiding,
  title={Avoiding power broadening in optically detected magnetic resonance of single NV defects for enhanced dc magnetic field sensitivity},
  author={Dr{\'e}au, A and Lesik, M and Rondin, L and Spinicelli, P and Arcizet, O and Roch, J-F and Jacques, V},
  journal={Physical Review B},
  volume={84},
  number={19},
  pages={195204},
  year={2011},
  publisher={APS}
}

@article{lee2013readout,
  title={Readout and control of a single nuclear spin with a metastable electron spin ancilla},
  author={Lee, Sang-Yun and Widmann, Matthias and Rendler, Torsten and Doherty, Marcus W and Babinec, Thomas M and Yang, Sen and Eyer, Moritz and Siyushev, Petr and Hausmann, Birgit JM and Loncar, Marko and others},
  journal={Nature nanotechnology},
  volume={8},
  number={7},
  pages={487--492},
  year={2013},
  publisher={Nature Publishing Group}
}

@article{john2017bright,
  title={Bright optical centre in diamond with narrow, highly polarised and nearly phonon-free fluorescence at room temperature},
  author={John, Roger and Lehnert, Jan and Mensing, Michael and Spemann, Daniel and Pezzagna, S{\'e}bastien and Meijer, Jan},
  journal={New Journal of Physics},
  volume={19},
  number={5},
  pages={053008},
  year={2017},
  publisher={IOP Publishing}
}

@article{barry2020sensitivity,
  title={Sensitivity optimization for NV-diamond magnetometry},
  author={Barry, John F and Schloss, Jennifer M and Bauch, Erik and Turner, Matthew J and Hart, Connor A and Pham, Linh M and Walsworth, Ronald L},
  journal={Reviews of Modern Physics},
  volume={92},
  number={1},
  pages={015004},
  year={2020},
  publisher={APS}
}

@article{bauch2020decoherence,
  title={Decoherence of ensembles of nitrogen-vacancy centers in diamond},
  author={Bauch, Erik and Singh, Swati and Lee, Junghyun and Hart, Connor A and Schloss, Jennifer M and Turner, Matthew J and Barry, John F and Pham, Linh M and Bar-Gill, Nir and Yelin, Susanne F and others},
  journal={Physical Review B},
  volume={102},
  number={13},
  pages={134210},
  year={2020},
  publisher={APS}
}


@article{van1997dependences,
  title={The dependences of ESR line widths and spin-spin relaxation times of single nitrogen defects on the concentration of nitrogen defects in diamond},
  author={Van Wyk, JA and Reynhardt, EC and High, GL and Kiflawi, I},
  journal={Journal of Physics D: Applied Physics},
  volume={30},
  number={12},
  pages={1790},
  year={1997},
  publisher={IOP Publishing}
}

@article{wang2022picotesla,
  title={Picotesla magnetometry of microwave fields with diamond sensors},
  author={Wang, Zhecheng and Kong, Fei and Zhao, Pengju and Huang, Zhehuang and Yu, Pei and Wang, Ya and Shi, Fazhan and Du, Jiangfeng},
  journal={arXiv preprint arXiv:2206.08533},
  year={2022}
}

@article{alsid2022solid,
  title={A Solid-State Microwave Magnetometer with Picotesla-Level Sensitivity},
  author={Alsid, Scott T and Schloss, Jennifer M and Steinecker, Matthew H and Barry, John F and Maccabe, Andrew C and Wang, Guoqing and Cappellaro, Paola and Braje, Danielle A},
  journal={arXiv preprint arXiv:2206.15440},
  year={2022}
}

@article{glover2003hydrogen,
  title={Hydrogen incorporation in diamond: The nitrogen-vacancy-hydrogen complex},
  author={Glover, Claire and Newton, ME and Martineau, P and Twitchen, DJ and Baker, JM},
  journal={Physical review letters},
  volume={90},
  number={18},
  pages={185507},
  year={2003},
  publisher={APS}
}

@article{glover2004hydrogen,
  title={Hydrogen incorporation in diamond: The vacancy-hydrogen complex},
  author={Glover, Claire and Newton, ME and Martineau, PM and Quinn, Samantha and Twitchen, DJ},
  journal={Physical review letters},
  volume={92},
  number={13},
  pages={135502},
  year={2004},
  publisher={APS}
}

@article{shaw2005importance,
  title={Importance of quantum tunneling in vacancy-hydrogen complexes in diamond},
  author={Shaw, MJ and Briddon, PR and Goss, JP and Rayson, MJ and Kerridge, Andrew and Harker, AH and Stoneham, AM},
  journal={Physical review letters},
  volume={95},
  number={10},
  pages={105502},
  year={2005},
  publisher={APS}
}

@phdthesis{cruddace2007magnetic,
  title={Magnetic resonance and optical studies of point defects in single crystal CVD diamond},
  author={Cruddace, Robin},
  year={2007},
  school={University of Warwick}
}

@phdthesis{hartland2014study,
  title={A study of point defects in CVD diamond using electron paramagnetic resonance and optical spectroscopy},
  author={Hartland, Christopher Brett},
  year={2014},
  school={University of Warwick UK}
}

@article{hounsome2006origin,
  title={Origin of brown coloration in diamond},
  author={Hounsome, LS and Jones, R and Martineau, PM and Fisher, D and Shaw, MJ and Briddon, PR and {\"O}berg, Sven},
  journal={Physical Review B},
  volume={73},
  number={12},
  pages={125203},
  year={2006},
  publisher={APS}
}

@article{newton2007epr,
  title={EPR, ENDOR and EPR Imaging of Defects in Diamond},
  author={Newton, ME},
  journal={Electron Paramagnetic Resonance},
  volume={20},
  pages={131--156},
  year={2007},
  publisher={The Royal Society of Chemistry}
}

@article{isoya1990fourier,
  title={Fourier-transform and continuous-wave EPR studies of nickel in synthetic diamond: Site and spin multiplicity},
  author={Isoya, J and Kanda, H and Norris, JR and Tang, J and Bowman, MK},
  journal={Physical Review B},
  volume={41},
  number={7},
  pages={3905},
  year={1990},
  publisher={APS}
}

@article{tetienne2012magnetic,
  title={Magnetic-field-dependent photodynamics of single NV defects in diamond: an application to qualitative all-optical magnetic imaging},
  author={Tetienne, JP and Rondin, L and Spinicelli, P and Chipaux, M and Debuisschert, T and Roch, JF and Jacques, V},
  journal={New Journal of Physics},
  volume={14},
  number={10},
  pages={103033},
  year={2012},
  publisher={IOP Publishing}
}

@inproceedings{zheng2017level,
  title={Level anti-crossing magnetometry with color centers in diamond},
  author={Zheng, Huijie and Chatzidrosos, Georgios and Wickenbrock, Arne and Bougas, Lykourgos and Lazda, Reinis and Berzins, Andris and Gahbauer, Florian Helmuth and Auzinsh, Marcis and Ferber, Ruvin and Budker, Dmitry},
  booktitle={Slow Light, Fast Light, and Opto-Atomic Precision Metrology X},
  volume={10119},
  pages={115--122},
  year={2017},
  organization={SPIE}
}

@article{zheng2020microwave,
  title={Microwave-free vector magnetometry with nitrogen-vacancy centers along a single axis in diamond},
  author={Zheng, Huijie and Sun, Zhiyin and Chatzidrosos, Georgios and Zhang, Chen and Nakamura, Kazuo and Sumiya, Hitoshi and Ohshima, Takeshi and Isoya, Junichi and Wrachtrup, J{\"o}rg and Wickenbrock, Arne and others},
  journal={Physical Review Applied},
  volume={13},
  number={4},
  pages={044023},
  year={2020},
  publisher={APS}
}

@article{pellet2021optical,
  title={Optical detection of paramagnetic defects in diamond grown by chemical vapor deposition},
  author={Pellet-Mary, Cl{\'e}ment and Huillery, Paul and Perdriat, Maxime and Tallaire, A and H{\'e}tet, Gabriel},
  journal={Physical Review B},
  volume={103},
  number={10},
  pages={L100411},
  year={2021},
  publisher={APS}
}

@article{simanovskaia2013sidebands,
  title={Sidebands in optically detected magnetic resonance signals of nitrogen vacancy centers in diamond},
  author={Simanovskaia, Maria and Jensen, Kasper and Jarmola, Andrey and Aulenbacher, Kurt and Manson, Neil and Budker, Dmitry},
  journal={Physical Review B},
  volume={87},
  number={22},
  pages={224106},
  year={2013},
  publisher={APS}
}

@article{tallaire2020high,
  title={High NV density in a pink CVD diamond grown with N2O addition},
  author={Tallaire, Alexandre and Brinza, Ovidiu and Huillery, Paul and Delord, Tom and Pellet-Mary, Cl{\'e}ment and Staacke, Robert and Abel, Bernd and Pezzagna, S{\'e}bastien and Meijer, Jan and Touati, Nadia and others},
  journal={Carbon},
  volume={170},
  pages={421--429},
  year={2020},
  publisher={Elsevier}
}

@book{eaton2010quantitative,
  title={Quantitative Epr},
  author={Eaton, Gareth R and Eaton, Sandra S and Barr, David P and Weber, Ralph T},
  year={2010},
  publisher={Springer Science \& Business Media}
}

@article{mitchell2013x,
  title={X-band rapid-scan EPR of samples with long electron spin relaxation times: a comparison of continuous wave, pulse and rapid-scan EPR},
  author={Mitchell, Deborah G and Tseitlin, Mark and Quine, Richard W and Meyer, Virginia and Newton, Mark E and Schnegg, Alexander and George, Benjamin and Eaton, Sandra S and Eaton, Gareth R},
  journal={Molecular Physics},
  volume={111},
  number={18-19},
  pages={2664--2673},
  year={2013},
  publisher={Taylor \& Francis}
}

@article{choi2017depolarization,
  title={Depolarization dynamics in a strongly interacting solid-state spin ensemble},
  author={Choi, Joonhee and Choi, Soonwon and Kucsko, Georg and Maurer, Peter C and Shields, Brendan J and Sumiya, Hitoshi and Onoda, Shinobu and Isoya, Junichi and Demler, Eugene and Jelezko, Fedor and others},
  journal={Physical review letters},
  volume={118},
  number={9},
  pages={093601},
  year={2017},
  publisher={APS}
}

@article{ngambou2022improving,
  title={Improving NV centre density during diamond growth by CVD process using N2O gas},
  author={Ngambou, Midrel Wilfried Ngandeu and Pellet-Mary, Cl{\'e}ment and Brinza, Ovidiu and Antonino, Alessi and Hetet, Gabriel and Tallaire, Alexandre and B{\'e}n{\'e}dic, Fabien and Achard, Jocelyn},
  journal={Diamond and Related Materials},
  volume={123},
  pages={108884},
  year={2022},
  publisher={Elsevier}
}

@article{wunderlich2021magnetic,
  title={Magnetic field and angle-dependent photoluminescence of a fiber-coupled nitrogen vacancy rich diamond},
  author={Wunderlich, Ralf and Staacke, Robert and Knolle, Wolfgang and Abel, Bernd and Meijer, Jan},
  journal={Journal of Applied Physics},
  volume={130},
  number={12},
  pages={124901},
  year={2021},
  publisher={AIP Publishing LLC}
}

@article{holliday1989optical,
  title={Optical hole-bleaching by level anti-crossing and cross relaxation in the NV centre in diamond},
  author={Holliday, K and Manson, NB and Glasbeek, M and Van Oort, E},
  journal={Journal of Physics: Condensed Matter},
  volume={1},
  number={39},
  pages={7093},
  year={1989},
  publisher={IOP Publishing}
}

@article{van1989cross,
  title={Cross-relaxation dynamics of optically excited N-V centers in diamond},
  author={van Oort, Eric and Glasbeek, Max},
  journal={Physical Review B},
  volume={40},
  number={10},
  pages={6509},
  year={1989},
  publisher={APS}
}

@article{jarmola2012temperature,
  title={Temperature-and magnetic-field-dependent longitudinal spin relaxation in nitrogen-vacancy ensembles in diamond},
  author={Jarmola, A and Acosta, VM and Jensen, K and Chemerisov, S and Budker, D},
  journal={Physical review letters},
  volume={108},
  number={19},
  pages={197601},
  year={2012},
  publisher={APS}
}

@article{mrozek2015longitudinal,
  title={Longitudinal spin relaxation in nitrogen-vacancy ensembles in diamond},
  author={Mr{\'o}zek, Mariusz and Rudnicki, Daniel and Kehayias, Pauli and Jarmola, Andrey and Budker, Dmitry and Gawlik, Wojciech},
  journal={EPJ Quantum Technology},
  volume={2},
  pages={1--11},
  year={2015},
  publisher={Springer}
}

@article{jarmola2015longitudinal,
  title={Longitudinal spin-relaxation in nitrogen-vacancy centers in electron irradiated diamond},
  author={Jarmola, A and Berzins, A and Smits, J and Smits, K and Prikulis, J and Gahbauer, F and Ferber, R and Erts, D and Auzinsh, M and Budker, D},
  journal={Applied Physics Letters},
  volume={107},
  number={24},
  pages={242403},
  year={2015},
  publisher={AIP Publishing LLC}
}

@article{choi2017depolarization,
  title={Depolarization dynamics in a strongly interacting solid-state spin ensemble},
  author={Choi, Joonhee and Choi, Soonwon and Kucsko, Georg and Maurer, Peter C and Shields, Brendan J and Sumiya, Hitoshi and Onoda, Shinobu and Isoya, Junichi and Demler, Eugene and Jelezko, Fedor and others},
  journal={Physical review letters},
  volume={118},
  number={9},
  pages={093601},
  year={2017},
  publisher={APS}
}

@article{akhmedzhanov2017microwave,
  title={Microwave-free magnetometry based on cross-relaxation resonances in diamond nitrogen-vacancy centers},
  author={Akhmedzhanov, Rinat and Gushchin, Lev and Nizov, Nikolay and Nizov, Vladimir and Sobgayda, Dmitry and Zelensky, Ilya and Hemmer, Philip},
  journal={Physical Review A},
  volume={96},
  number={1},
  pages={013806},
  year={2017},
  publisher={APS}
}

@article{giri2018coupled,
  title={Coupled charge and spin dynamics in high-density ensembles of nitrogen-vacancy centers in diamond},
  author={Giri, R and Gorrini, F and Dorigoni, C and Avalos, CE and Cazzanelli, M and Tambalo, S and Bifone, A},
  journal={Physical Review B},
  volume={98},
  number={4},
  pages={045401},
  year={2018},
  publisher={APS}
}

 @misc{ wiki:VoigtProfile,
   author = "{Wikipedia contributors}",
   title = "Voigt profile",
   year = "2022",
   url = "https://en.wikipedia.org/wiki/Voigt_profile#Pseudo-Voigt_approximation",
   note = "[Online; accessed 08-August-2022]"
 }


@article{feher1959electron,
  title={Electron spin resonance experiments on donors in silicon. II. Electron spin relaxation effects},
  author={Feher, G and Gere, EA},
  journal={Physical Review},
  volume={114},
  number={5},
  pages={1245},
  year={1959},
  publisher={APS}
}

@article{honig1960electron,
  title={Electron spin-lattice relaxation in phosphorus-doped silicon},
  author={Honig, A and Stupp, E},
  journal={Physical Review},
  volume={117},
  number={1},
  pages={69},
  year={1960},
  publisher={APS}
}

@article{sugihara1963spin,
  title={Spin-Lattice Relaxation of Shallow Donors in Heavily Doped Si},
  author={Sugihara, Ko},
  journal={Journal of the Physical Society of Japan},
  volume={18},
  number={7},
  pages={961--969},
  year={1963},
  publisher={The Physical Society of Japan}
}

@article{yang1968concentration,
  title={Concentration-and Compensation-Dependent Spin-Lattice Relaxation in N-Type Silicon},
  author={Yang, G and Honig, A},
  journal={Physical Review},
  volume={168},
  number={2},
  pages={271},
  year={1968},
  publisher={APS}
}

@article{vugmeister1978spin,
  title={Spin diffusion and spin--lattice relaxation in paramagnetic crystals},
  author={Vugmeister, BE},
  journal={physica status solidi (b)},
  volume={90},
  number={2},
  pages={711--718},
  year={1978},
  publisher={Wiley Online Library}
}

@article{berman2005spin,
  title={Spin diffusion and relaxation in a nonuniform magnetic field},
  author={Berman, GP and Chernobrod, BM and Gorshkov, VN and Tsifrinovich, VI},
  journal={Physical Review B},
  volume={71},
  number={18},
  pages={184409},
  year={2005},
  publisher={APS}
}

@article{bloembergen1949interaction,
  title={On the interaction of nuclear spins in a crystalline lattice},
  author={Bloembergen, Nicolaas},
  journal={Physica},
  volume={15},
  number={3-4},
  pages={386--426},
  year={1949},
  publisher={Elsevier}
}

@article{de1958relaxation,
  title={Sur la relaxation nucleaire dans les cristaux ioniques},
  author={De Gennes, PG},
  journal={Journal of Physics and Chemistry of Solids},
  volume={7},
  number={4},
  pages={345--350},
  year={1958},
  publisher={Elsevier}
}

@article{blumberg1960nuclear,
  title={Nuclear spin-lattice relaxation caused by paramagnetic impurities},
  author={Blumberg, WE},
  journal={Physical Review},
  volume={119},
  number={1},
  pages={79},
  year={1960},
  publisher={APS}
}

@article{forster1949experimentelle,
  title={Experimentelle und theoretische Untersuchung des zwischenmolekularen {\"U}bergangs von Elektronenanregungsenergie},
  author={F{\"o}rster, Theodor},
  journal={Zeitschrift f{\"u}r naturforschung A},
  volume={4},
  number={5},
  pages={321--327},
  year={1949},
  publisher={De Gruyter}
}

@article{eisenthal1964influence,
  title={Influence of resonance transfer on luminescence decay},
  author={Eisenthal, KB and Siegel, S},
  journal={The Journal of Chemical Physics},
  volume={41},
  number={3},
  pages={652--655},
  year={1964},
  publisher={American Institute of Physics}
}

@article{yokota1967effects,
  title={Effects of diffusion on energy transfer by resonance},
  author={Yokota, Mario and Tanimoto, Osamu},
  journal={Journal of the physical society of Japan},
  volume={22},
  number={3},
  pages={779--784},
  year={1967},
  publisher={The Physical Society of Japan}
}

@article{manson2018nv,
  title={NV---N+ pair centre in 1b diamond},
  author={Manson, Neil B and Hedges, Morgan and Barson, Michael SJ and Ahlefeldt, Rose and Doherty, Marcus W and Abe, Hiroshi and Ohshima, Takeshi and Sellars, Matthew J},
  journal={New Journal of Physics},
  volume={20},
  number={11},
  pages={113037},
  year={2018},
  publisher={IOP Publishing}
}

@article{rosskopf2014investigation,
  title={Investigation of surface magnetic noise by shallow spins in diamond},
  author={Rosskopf, T and Dussaux, A and Ohashi, K and Loretz, M and Schirhagl, Romana and Watanabe, H and Shikata, S and Itoh, Kohei M and Degen, CL},
  journal={Physical review letters},
  volume={112},
  number={14},
  pages={147602},
  year={2014},
  publisher={APS}
}

@article{warren1964spin,
  title={Spin-lattice relaxation of F centers in KCl: interacting F centers},
  author={Warren, Roger W and Feldman, DW and Castle Jr, JG},
  journal={Physical Review},
  volume={136},
  number={5A},
  pages={A1347},
  year={1964},
  publisher={APS}
}

@article{doherty2012theory,
  title={Theory of the ground-state spin of the NV- center in diamond},
  author={Doherty, MW and Dolde, F and Fedder, H and Jelezko, Fedor and Wrachtrup, J and Manson, NB and Hollenberg, LCL},
  journal={Physical Review B},
  volume={85},
  number={20},
  pages={205203},
  year={2012},
  publisher={APS}
}

@article{udvarhelyi2018spin,
  title={Spin-strain interaction in nitrogen-vacancy centers in diamond},
  author={Udvarhelyi, P{\'e}ter and Shkolnikov, Vladyslav O and Gali, Adam and Burkard, Guido and P{\'a}lyi, Andr{\'a}s},
  journal={Physical Review B},
  volume={98},
  number={7},
  pages={075201},
  year={2018},
  publisher={APS}
}

@article{mittiga2018imaging,
  title={Imaging the local charge environment of nitrogen-vacancy centers in diamond},
  author={Mittiga, Thomas and Hsieh, Satcher and Zu, Chong and Kobrin, Bryce and Machado, Francisco and Bhattacharyya, Prabudhya and Rui, NZ and Jarmola, Andrey and Choi, Soonwon and Budker, Dmitry and others},
  journal={Physical review letters},
  volume={121},
  number={24},
  pages={246402},
  year={2018},
  publisher={APS}
}

@article{barson2017nanomechanical,
  title={Nanomechanical sensing using spins in diamond},
  author={Barson, Michael SJ and Peddibhotla, Phani and Ovartchaiyapong, Preeti and Ganesan, Kumaravelu and Taylor, Richard L and Gebert, Matthew and Mielens, Zoe and Koslowski, Berndt and Simpson, David A and McGuinness, Liam P and others},
  journal={Nano letters},
  volume={17},
  number={3},
  pages={1496--1503},
  year={2017},
  publisher={ACS Publications}
}

@article{van1990electric,
  title={Electric-field-induced modulation of spin echoes of NV centers in diamond},
  author={Van Oort, Eric and Glasbeek, Max},
  journal={Chemical Physics Letters},
  volume={168},
  number={6},
  pages={529--532},
  year={1990},
  publisher={Elsevier}
}

@article{qiu2021nuclear,
  title={Nuclear spin assisted magnetic field angle sensing},
  author={Qiu, Ziwei and Vool, Uri and Hamo, Assaf and Yacoby, Amir},
  journal={npj Quantum Information},
  volume={7},
  number={1},
  pages={1--7},
  year={2021},
  publisher={Nature Publishing Group}
}

@article{qiu2022nanoscale,
  title={Nanoscale Electric Field Imaging with an Ambient Scanning Quantum Sensor Microscope},
  author={Qiu, Ziwei and Hamo, Assaf and Vool, Uri and Zhou, Tony X and Yacoby, Amir},
  journal={arXiv preprint arXiv:2205.03952},
  year={2022}
}

@article{jamonneau2016competition,
  title={Competition between electric field and magnetic field noise in the decoherence of a single spin in diamond},
  author={Jamonneau, P and Lesik, M and Tetienne, JP and Alvizu, I and Mayer, L and Dr{\'e}au, A and Kosen, S and Roch, J-F and Pezzagna, S and Meijer, J and others},
  journal={Physical Review B},
  volume={93},
  number={2},
  pages={024305},
  year={2016},
  publisher={APS}
}

@article{smeltzer2009robust,
  title={Robust control of individual nuclear spins in diamond},
  author={Smeltzer, Benjamin and McIntyre, Jean and Childress, Lilian},
  journal={Physical Review A},
  volume={80},
  number={5},
  pages={050302},
  year={2009},
  publisher={APS}
}

@article{anishchik2015low,
  title={Low-field feature in the magnetic spectra of NV- centers in diamond},
  author={Anishchik, SV and Vins, VG and Yelisseyev, AP and Lukzen, NN and Lavrik, NL and Bagryansky, VA},
  journal={New Journal of Physics},
  volume={17},
  number={2},
  pages={023040},
  year={2015},
  publisher={IOP Publishing}
}

 @article{filimonenko2020weak,
  title={Weak magnetic field effects on the photoluminescence of an ensemble of NV centers in diamond: experiment and modelling},
  author={Filimonenko, DS and Yasinskii, VM and Nizovtsev, AP and Kilin, S Ya and Jelezko, Fedor},
  journal={Semiconductors},
  volume={54},
  number={12},
  pages={1730--1733},
  year={2020},
  publisher={Springer}
}

@article{pelliccione2016scanned,
  title={Scanned probe imaging of nanoscale magnetism at cryogenic temperatures with a single-spin quantum sensor},
  author={Pelliccione, Matthew and Jenkins, Alec and Ovartchaiyapong, Preeti and Reetz, Christopher and Emmanouilidou, Eve and Ni, Ni and Bleszynski Jayich, Ania C},
  journal={Nature nanotechnology},
  volume={11},
  number={8},
  pages={700--705},
  year={2016},
  publisher={Nature Publishing Group}
}

@article{wolf2015subpicotesla,
  title={Subpicotesla diamond magnetometry},
  author={Wolf, Thomas and Neumann, Philipp and Nakamura, Kazuo and Sumiya, Hitoshi and Ohshima, Takeshi and Isoya, Junichi and Wrachtrup, J{\"o}rg},
  journal={Physical Review X},
  volume={5},
  number={4},
  pages={041001},
  year={2015},
  publisher={APS}
}

@article{barry2016optical,
  title={Optical magnetic detection of single-neuron action potentials using quantum defects in diamond},
  author={Barry, John F and Turner, Matthew J and Schloss, Jennifer M and Glenn, David R and Song, Yuyu and Lukin, Mikhail D and Park, Hongkun and Walsworth, Ronald L},
  journal={Proceedings of the National Academy of Sciences},
  volume={113},
  number={49},
  pages={14133--14138},
  year={2016},
  publisher={National Acad Sciences}
}

@article{chatzidrosos2017miniature,
  title={Miniature cavity-enhanced diamond magnetometer},
  author={Chatzidrosos, Georgios and Wickenbrock, Arne and Bougas, Lykourgos and Leefer, Nathan and Wu, Teng and Jensen, Kasper and Dumeige, Yannick and Budker, Dmitry},
  journal={Physical Review Applied},
  volume={8},
  number={4},
  pages={044019},
  year={2017},
  publisher={APS}
}

@article{pham2012enhanced,
  title={Enhanced solid-state multispin metrology using dynamical decoupling},
  author={Pham, Linh My and Bar-Gill, Nir and Belthangady, Chinmay and Le Sage, David and Cappellaro, Paola and Lukin, Mikhail D and Yacoby, Amir and Walsworth, Ronald L},
  journal={Physical Review B},
  volume={86},
  number={4},
  pages={045214},
  year={2012},
  publisher={APS}
}

@article{xie2021hybrid,
  title={A hybrid magnetometer towards femtotesla sensitivity under ambient conditions},
  author={Xie, Yijin and Yu, Huiyao and Zhu, Yunbin and Qin, Xi and Rong, Xing and Duan, Chang-Kui and Du, Jiangfeng},
  journal={Science Bulletin},
  volume={66},
  number={2},
  pages={127--132},
  year={2021},
  publisher={Elsevier}
}

@article{sutter2012computational,
  title={Computational study and molecular orbital analysis of NMR shielding, spin--spin coupling, and electric field gradients of azido platinum complexes},
  author={Sutter, Kiplangat and Autschbach, Jochen},
  journal={Journal of the American Chemical Society},
  volume={134},
  number={32},
  pages={13374--13385},
  year={2012},
  publisher={ACS Publications}
}

@article{zazvorka2020skyrmion,
  title={Skyrmion lattice phases in thin film multilayer},
  author={Z{\'a}zvorka, Jakub and Dittrich, Florian and Ge, Yuqing and Kerber, Nico and Raab, Klaus and Winkler, Thomas and Litzius, Kai and Veis, Martin and Virnau, Peter and Kl{\"a}ui, Mathias},
  journal={Advanced Functional Materials},
  volume={30},
  number={46},
  pages={2004037},
  year={2020},
  publisher={Wiley Online Library}
}

@article{mrozek2015circularly,
  title={Circularly polarized microwaves for magnetic resonance study in the GHz range: Application to nitrogen-vacancy in diamonds},
  author={Mr{\'o}zek, Mariusz and Mlynarczyk, Janusz and Rudnicki, Daniel S and Gawlik, Wojciech},
  journal={Applied Physics Letters},
  volume={107},
  number={1},
  pages={013505},
  year={2015},
  publisher={AIP Publishing LLC}
}

@article{zheng2019zero,
  title={Zero-field magnetometry based on nitrogen-vacancy ensembles in diamond},
  author={Zheng, Huijie and Xu, Jingyan and Iwata, Geoffrey Z and Lenz, Till and Michl, Julia and Yavkin, Boris and Nakamura, Kazuo and Sumiya, Hitoshi and Ohshima, Takeshi and Isoya, Junichi and others},
  journal={Physical Review Applied},
  volume={11},
  number={6},
  pages={064068},
  year={2019},
  publisher={APS}
}

@article{lenz2021magnetic,
  title={Magnetic sensing at zero field with a single nitrogen-vacancy center},
  author={Lenz, Till and Wickenbrock, Arne and Jelezko, Fedor and Balasubramanian, Gopalakrishnan and Budker, Dmitry},
  journal={Quantum Science and Technology},
  volume={6},
  number={3},
  pages={034006},
  year={2021},
  publisher={IOP Publishing}
}


@article{vetter2022zero,
  title={Zero-and Low-Field Sensing with Nitrogen-Vacancy Centers},
  author={Vetter, Philipp J and Marshall, Alastair and Genov, Genko T and Weiss, Tim F and Striegler, Nico and Gro{\ss}mann, Eva F and Oviedo-Casado, Santiago and Cerrillo, Javier and Prior, Javier and Neumann, Philipp and others},
  journal={Physical Review Applied},
  volume={17},
  number={4},
  pages={044028},
  year={2022},
  publisher={APS}
}

@article{wang2022zero,
  title={Zero-field magnetometry using hyperfine-biased nitrogen-vacancy centers near diamond surfaces},
  author={Wang, Ning and Liu, Chu-Feng and Fan, Jing-Wei and Feng, Xi and Leong, Weng-Hang and Finkler, Amit and Denisenko, Andrej and Wrachtrup, J{\"o}rg and Li, Quan and Liu, Ren-Bao},
  journal={Physical Review Research},
  volume={4},
  number={1},
  pages={013098},
  year={2022},
  publisher={APS}
}

@article{wickenbrock2016microwave,
  title={Microwave-free magnetometry with nitrogen-vacancy centers in diamond},
  author={Wickenbrock, Arne and Zheng, Huijie and Bougas, Lykourgos and Leefer, Nathan and Afach, Samer and Jarmola, Andrey and Acosta, Victor M and Budker, Dmitry},
  journal={Applied Physics Letters},
  volume={109},
  number={5},
  pages={053505},
  year={2016},
  publisher={AIP Publishing LLC}
}

@article{broadway2016anticrossing,
  title={Anticrossing spin dynamics of diamond nitrogen-vacancy centers and all-optical low-frequency magnetometry},
  author={Broadway, David A and Wood, James DA and Hall, Liam T and Stacey, Alastair and Markham, Matthew and Simpson, David A and Tetienne, Jean-Philippe and Hollenberg, Lloyd CL},
  journal={Physical Review Applied},
  volume={6},
  number={6},
  pages={064001},
  year={2016},
  publisher={APS}
}

@article{zheng2020microwave,
  title={Microwave-free vector magnetometry with nitrogen-vacancy centers along a single axis in diamond},
  author={Zheng, Huijie and Sun, Zhiyin and Chatzidrosos, Georgios and Zhang, Chen and Nakamura, Kazuo and Sumiya, Hitoshi and Ohshima, Takeshi and Isoya, Junichi and Wrachtrup, J{\"o}rg and Wickenbrock, Arne and others},
  journal={Physical Review Applied},
  volume={13},
  number={4},
  pages={044023},
  year={2020},
  publisher={APS}
}

@article{akhmedzhanov2017microwave,
  title={Microwave-free magnetometry based on cross-relaxation resonances in diamond nitrogen-vacancy centers},
  author={Akhmedzhanov, Rinat and Gushchin, Lev and Nizov, Nikolay and Nizov, Vladimir and Sobgayda, Dmitry and Zelensky, Ilya and Hemmer, Philip},
  journal={Physical Review A},
  volume={96},
  number={1},
  pages={013806},
  year={2017},
  publisher={APS}
}

@article{akhmedzhanov2019magnetometry,
  title={Magnetometry by cross-relaxation-resonance detection in ensembles of nitrogen-vacancy centers},
  author={Akhmedzhanov, Rinat and Gushchin, Lev and Nizov, Nikolay and Nizov, Vladimir and Sobgayda, Dmitry and Zelensky, Ilya and Hemmer, Philip},
  journal={Physical Review A},
  volume={100},
  number={4},
  pages={043844},
  year={2019},
  publisher={APS}
}

@article{wang2022picotesla,
  title={Picotesla magnetometry of microwave fields with diamond sensors},
  author={Wang, Zhecheng and Kong, Fei and Zhao, Pengju and Huang, Zhehua and Yu, Pei and Wang, Ya and Shi, Fazhan and Du, Jiangfeng},
  journal={Science Advances},
  volume={8},
  number={31},
  pages={eabq8158},
  year={2022},
  publisher={American Association for the Advancement of Science}
}

@article{alsid2022solid,
  title={A Solid-State Microwave Magnetometer with Picotesla-Level Sensitivity},
  author={Alsid, Scott T and Schloss, Jennifer M and Steinecker, Matthew H and Barry, John F and Maccabe, Andrew C and Wang, Guoqing and Cappellaro, Paola and Braje, Danielle A},
  journal={arXiv preprint arXiv:2206.15440},
  year={2022}
}

@article{magaletti2022quantum,
  title={Quantum Diamond Radio Frequency Signal Analyser based on Nitrogen-Vacancy centers},
  author={Magaletti, Simone and Mayer, Ludovic and Roch, Jean-Fran{\c{c}}ois and Debuisschert, Thierry},
  journal={arXiv preprint arXiv:2206.06734},
  year={2022}
}

@article{arcizet2011single,
  title={A single nitrogen-vacancy defect coupled to a nanomechanical oscillator},
  author={Arcizet, Olivier and Jacques, Vincent and Siria, Alessandro and Poncharal, Philippe and Vincent, Pascal and Seidelin, Signe},
  journal={Nature Physics},
  volume={7},
  number={11},
  pages={879--883},
  year={2011},
  publisher={Nature Publishing Group}
}

@article{rondin2012nanoscale,
  title={Nanoscale magnetic field mapping with a single spin scanning probe magnetometer},
  author={Rondin, L and Tetienne, J-P and Spinicelli, P and Dal Savio, C and Karrai, K and Dantelle, G and Thiaville, A and Rohart, S and Roch, J-F and Jacques, V},
  journal={Applied Physics Letters},
  volume={100},
  number={15},
  pages={153118},
  year={2012},
  publisher={American Institute of Physics}
}

@article{kolkowitz2015probing,
  title={Probing Johnson noise and ballistic transport in normal metals with a single-spin qubit},
  author={Kolkowitz, S and Safira, A and High, AA and Devlin, RC and Choi, S and Unterreithmeier, QP and Patterson, D and Zibrov, AS and Manucharyan, VE and Park, H and others},
  journal={Science},
  volume={347},
  number={6226},
  pages={1129--1132},
  year={2015},
  publisher={American Association for the Advancement of Science}
}

@article{andersen2019electron,
  title={Electron-phonon instability in graphene revealed by global and local noise probes},
  author={Andersen, Trond I and Dwyer, Bo L and Sanchez-Yamagishi, Javier D and Rodriguez-Nieva, Joaquin F and Agarwal, Kartiek and Watanabe, Kenji and Taniguchi, Takashi and Demler, Eugene A and Kim, Philip and Park, Hongkun and others},
  journal={Science},
  volume={364},
  number={6436},
  pages={154--157},
  year={2019},
  publisher={American Association for the Advancement of Science}
}

@article{bauch2018ultralong,
  title={Ultralong dephasing times in solid-state spin ensembles via quantum control},
  author={Bauch, Erik and Hart, Connor A and Schloss, Jennifer M and Turner, Matthew J and Barry, John F and Kehayias, Pauli and Singh, Swati and Walsworth, Ronald L},
  journal={Physical Review X},
  volume={8},
  number={3},
  pages={031025},
  year={2018},
  publisher={APS}
}


@article{kucsko2013nanometre,
  title={Nanometre-scale thermometry in a living cell},
  author={Kucsko, Georg and Maurer, Peter C and Yao, Norman Ying and Kubo, MICHAEL and Noh, Hyun Jong and Lo, Po Kam and Park, Hongkun and Lukin, Mikhail D},
  journal={Nature},
  volume={500},
  number={7460},
  pages={54--58},
  year={2013},
  publisher={Nature Publishing Group}
}

@article{zhou2020quantum,
  title={Quantum metrology with strongly interacting spin systems},
  author={Zhou, Hengyun and Choi, Joonhee and Choi, Soonwon and Landig, Renate and Douglas, Alexander M and Isoya, Junichi and Jelezko, Fedor and Onoda, Shinobu and Sumiya, Hitoshi and Cappellaro, Paola and others},
  journal={Physical review X},
  volume={10},
  number={3},
  pages={031003},
  year={2020},
  publisher={APS}
}

@article{le2012efficient,
  title={Efficient photon detection from color centers in a diamond optical waveguide},
  author={Le Sage, D and Pham, Linh My and Bar-Gill, N and Belthangady, C and Lukin, Mikhail D and Yacoby, Amir and Walsworth, Ronald L},
  journal={Physical Review B},
  volume={85},
  number={12},
  pages={121202},
  year={2012},
  publisher={APS}
}

@article{scholten2021widefield,
  title={Widefield quantum microscopy with nitrogen-vacancy centers in diamond: Strengths, limitations, and prospects},
  author={Scholten, SC and Healey, AJ and Robertson, IO and Abrahams, GJ and Broadway, DA and Tetienne, J-P},
  journal={Journal of Applied Physics},
  volume={130},
  number={15},
  pages={150902},
  year={2021},
  publisher={AIP Publishing LLC}
}

@article{levine2019principles,
  title={Principles and techniques of the quantum diamond microscope},
  author={Levine, Edlyn V and Turner, Matthew J and Kehayias, Pauli and Hart, Connor A and Langellier, Nicholas and Trubko, Raisa and Glenn, David R and Fu, Roger R and Walsworth, Ronald L},
  journal={Nanophotonics},
  volume={8},
  number={11},
  pages={1945--1973},
  year={2019},
  publisher={De Gruyter}
}

@article{glenn2017micrometer,
  title={Micrometer-scale magnetic imaging of geological samples using a quantum diamond microscope},
  author={Glenn, David R and Fu, Roger R and Kehayias, Pauli and Le Sage, David and Lima, Eduardo A and Weiss, Benjamin P and Walsworth, Ronald L},
  journal={Geochemistry, Geophysics, Geosystems},
  volume={18},
  number={8},
  pages={3254--3267},
  year={2017},
  publisher={Wiley Online Library}
}

@article{rugar2004single,
  title={Single spin detection by magnetic resonance force microscopy},
  author={Rugar, Daniel and Budakian, Raffi and Mamin, HJ and Chui, BW},
  journal={Nature},
  volume={430},
  number={6997},
  pages={329--332},
  year={2004},
  publisher={Nature Publishing Group}
}

@article{huxter2022scanning,
  title={Scanning gradiometry with a single spin quantum magnetometer},
  author={Huxter, William S and Palm, Marius L and Davis, Miranda L and Welter, Pol and Lambert, Charles-Henri and Trassin, Morgan and Degen, Christian L},
  journal={arXiv preprint arXiv:2202.09130},
  year={2022}
}

@article{feng2021association,
  title={Association of nanodiamond rotation dynamics with cell activities by translation-rotation tracking},
  author={Feng, Xi and Leong, Weng-Hang and Xia, Kangwei and Liu, Chu-Feng and Liu, Gang-Qin and Rendler, Torsten and Wrachtrup, Joerg and Liu, Ren-Bao and Li, Quan},
  journal={Nano letters},
  volume={21},
  number={8},
  pages={3393--3400},
  year={2021},
  publisher={ACS Publications}
}

@article{pellet2022spin,
  title={Spin-Relaxation of Dipolar-Coupled Nitrogen-Vacancy Centers: The role of Double-flip Processes},
  author={Pellet-Mary, C and Perdriat, M and Huillery, P and H{\'e}tet, G},
  journal={arXiv preprint arXiv:2207.13899},
  year={2022}
}

@article{bundy1989pressure,
  title={Pressure-temperature phase diagram of elemental carbon},
  author={Bundy, FP},
  journal={Physica A: Statistical Mechanics and its Applications},
  volume={156},
  number={1},
  pages={169--178},
  year={1989},
  publisher={Elsevier}
}

@article{bundy1996pressure,
  title={The pressure-temperature phase and transformation diagram for carbon; updated through 1994},
  author={Bundy, FP and Bassett, WA and Weathers, MS and Hemley, RJ and Mao, HU and Goncharov, AF},
  journal={Carbon},
  volume={34},
  number={2},
  pages={141--153},
  year={1996},
  publisher={Elsevier}
}

@book{tappert2011diamonds,
  title={Diamonds in nature: a guide to rough diamonds},
  author={Tappert, Ralf and Tappert, Michelle C},
  year={2011},
  publisher={Springer Science \& Business Media}
}

@book{barnard2000diamond,
  title={The diamond formula: diamond synthesis--a gemmological perspective},
  author={Barnard, Amanda S},
  year={2000},
  publisher={Butterworth-Heinemann}
}

@article{shenderova2019synthesis,
  title={Synthesis, properties, and applications of fluorescent diamond particles},
  author={Shenderova, Olga A and Shames, Alexander I and Nunn, Nicholas A and Torelli, Marco D and Vlasov, Igor and Zaitsev, Alexander},
  journal={Journal of Vacuum Science \& Technology B, Nanotechnology and Microelectronics: Materials, Processing, Measurement, and Phenomena},
  volume={37},
  number={3},
  pages={030802},
  year={2019},
  publisher={American Vacuum Society}
}

@article{achard2020chemical,
  title={Chemical vapour deposition diamond single crystals with nitrogen-vacancy centres: a review of material synthesis and technology for quantum sensing applications},
  author={Achard, J and Jacques, Vincent and Tallaire, A},
  journal={Journal of Physics D: Applied Physics},
  volume={53},
  number={31},
  pages={313001},
  year={2020},
  publisher={IOP Publishing}
}

@article{jayaraman1983diamond,
  title={Diamond anvil cell and high-pressure physical investigations},
  author={Jayaraman, Aiyasami},
  journal={Reviews of Modern Physics},
  volume={55},
  number={1},
  pages={65},
  year={1983},
  publisher={APS}
}

@article{collins2000colour,
  title={Colour changes produced in natural brown diamonds by high-pressure, high-temperature treatment},
  author={Collins, Alan T and Kanda, Hisao and Kitawaki, Hiroshi},
  journal={Diamond and Related Materials},
  volume={9},
  number={2},
  pages={113--122},
  year={2000},
  publisher={Elsevier}
}

@book{zaitsev2013optical,
  title={Optical properties of diamond: a data handbook},
  author={Zaitsev, Alexander M},
  year={2013},
  publisher={Springer Science \& Business Media}
}

@book{dobrinets2016hpht,
  title={HPHT-treated diamonds},
  author={Dobrinets, Inga A and Vins, Victor G and Zaitsev, Alexander M},
  year={2016},
  publisher={Springer}
}

@article{ashfold2020nitrogen,
  title={Nitrogen in diamond},
  author={Ashfold, Michael NR and Goss, Jonathan P and Green, Ben L and May, Paul W and Newton, Mark E and Peaker, Chloe V},
  journal={Chemical reviews},
  volume={120},
  number={12},
  pages={5745--5794},
  year={2020},
  publisher={ACS Publications}
}

@article{shenderova2019synthesis,
  title={Synthesis, properties, and applications of fluorescent diamond particles},
  author={Shenderova, Olga A and Shames, Alexander I and Nunn, Nicholas A and Torelli, Marco D and Vlasov, Igor and Zaitsev, Alexander},
  journal={Journal of Vacuum Science \& Technology B, Nanotechnology and Microelectronics: Materials, Processing, Measurement, and Phenomena},
  volume={37},
  number={3},
  pages={030802},
  year={2019},
  publisher={American Vacuum Society}
}

@article{macpherson2015practical,
  title={A practical guide to using boron doped diamond in electrochemical research},
  author={Macpherson, Julie V},
  journal={Physical Chemistry Chemical Physics},
  volume={17},
  number={5},
  pages={2935--2949},
  year={2015},
  publisher={Royal Society of Chemistry}
}

@article{das2022diamond,
  title={Diamond-The Ultimate Material for Exploring Physics of Spin-defects for Quantum Technologies and Diamontronics.},
  author={Das, Dhruba and Raj, Rahul and Jana, Jayanta and Chatterjee, Subhajit and Kolla, Lakshmi Ganapathi and Chandran, Maneesh and Rao, MS Ramachandra},
  journal={Journal of Physics D: Applied Physics},
  year={2022},
  publisher={IOP Publishing}
}

@article{bradac2019quantum,
  title={Quantum nanophotonics with group IV defects in diamond},
  author={Bradac, Carlo and Gao, Weibo and Forneris, Jacopo and Trusheim, Matthew E and Aharonovich, Igor},
  journal={Nature communications},
  volume={10},
  number={1},
  pages={1--13},
  year={2019},
  publisher={Nature Publishing Group}
}

@article{bundy1955man,
  title={Man-made diamonds},
  author={Bundy, FP and Hall, H Tracy and Strong, HM and others},
  journal={nature},
  volume={176},
  number={4471},
  pages={51--55},
  year={1955},
  publisher={Nature Publishing Group}
}

@article{bundy1963direct,
  title={Direct conversion of graphite to diamond in static pressure apparatus},
  author={Bundy, FP},
  journal={The Journal of Chemical Physics},
  volume={38},
  number={3},
  pages={631--643},
  year={1963},
  publisher={American Institute of Physics}
}

@article{burns1999growth,
  title={Growth of high purity large synthetic diamond crystals},
  author={Burns, RC and Hansen, JO and Spits, RA and Sibanda, M and Welbourn, CM and Welch, DL},
  journal={Diamond and Related Materials},
  volume={8},
  number={8-9},
  pages={1433--1437},
  year={1999},
  publisher={Elsevier}
}

@article{sumiya2002growth,
  title={Growth rate of high-quality large diamond crystals},
  author={Sumiya, H and Toda, N and Satoh, S},
  journal={Journal of Crystal Growth},
  volume={237},
  pages={1281--1285},
  year={2002},
  publisher={Elsevier}
}

@article{matsumoto1982growth,
  title={Growth of diamond particles from methane-hydrogen gas},
  author={Matsumoto, Seiichiro and Sato, Yoichiro and Tsutsumi, Masayuki and Setaka, Nobuo},
  journal={Journal of materials Science},
  volume={17},
  number={11},
  pages={3106--3112},
  year={1982},
  publisher={Springer}
}

@article{matsumoto1982vapor,
  title={Vapor deposition of diamond particles from methane},
  author={Matsumoto, Seiichiro and Sato, Yoichiro and Kamo, Mutsukazu and Setaka, Nobuo},
  journal={Japanese Journal of applied physics},
  volume={21},
  number={4A},
  pages={L183},
  year={1982},
  publisher={IOP Publishing}
}

@article{kamo1983diamond,
  title={Diamond synthesis from gas phase in microwave plasma},
  author={Kamo, Mutsukazu and Sato, Yoichiro and Matsumoto, Seiichiro and Setaka, Nobuo},
  journal={Journal of crystal growth},
  volume={62},
  number={3},
  pages={642--644},
  year={1983},
  publisher={Elsevier}
}

@article{gracio2010diamond,
  title={Diamond growth by chemical vapour deposition},
  author={Gracio, JJ and Fan, QH and Madaleno, JC},
  journal={Journal of Physics D: Applied Physics},
  volume={43},
  number={37},
  pages={374017},
  year={2010},
  publisher={IOP Publishing}
}

@article{balmer2009chemical,
  title={Chemical vapour deposition synthetic diamond: materials, technology and applications},
  author={Balmer, RS and Brandon, JR and Clewes, SL and Dhillon, HK and Dodson, JM and Friel, I and Inglis, PN and Madgwick, TD and Markham, ML and Mollart, TP and others},
  journal={Journal of Physics: Condensed Matter},
  volume={21},
  number={36},
  pages={364221},
  year={2009},
  publisher={IOP Publishing}
}

@article{kasu2003high,
  title={High mobility and high crystalline-quality chemical-vapor-deposition grown homoepitaxial diamond},
  author={Kasu, Makoto and Kobayashi, Naoki},
  journal={Diamond and related materials},
  volume={12},
  number={3-7},
  pages={413--417},
  year={2003},
  publisher={Elsevier}
}

@article{twitchen2004high,
  title={High-voltage single-crystal diamond diodes},
  author={Twitchen, DJ and Whitehead, AJ and Coe, SE and Isberg, Jan and Hammersberg, Johan and Wikstrom, T and Johansson, E},
  journal={IEEE Transactions on electron devices},
  volume={51},
  number={5},
  pages={826--828},
  year={2004},
  publisher={IEEE}
}

@article{tallaire2006characterisation,
  title={Characterisation of high-quality thick single-crystal diamond grown by CVD with a low nitrogen addition},
  author={Tallaire, A and Collins, AT and Charles, D and Achard, J and Sussmann, R and Gicquel, A and Newton, ME and Edmonds, AM and Cruddace, RJ},
  journal={Diamond and related materials},
  volume={15},
  number={10},
  pages={1700--1707},
  year={2006},
  publisher={Elsevier}
}

@article{luque1998excited,
  title={Excited state density distributions of H, C, C 2, and CH by spatially resolved optical emission in a diamond depositing dc-arcjet reactor},
  author={Luque, J and Juchmann, W and Brinkman, EA and Jeffries, JB},
  journal={Journal of Vacuum Science \& Technology A: Vacuum, Surfaces, and Films},
  volume={16},
  number={2},
  pages={397--408},
  year={1998},
  publisher={American Vacuum Society}
}

@article{bachmann1991towards,
  title={Towards a general concept of diamond chemical vapour deposition},
  author={Bachmann, Peter K and Leers, Dieter and Lydtin, Hans},
  journal={Diamond and related materials},
  volume={1},
  number={1},
  pages={1--12},
  year={1991},
  publisher={Elsevier}
}

@article{haubner1993diamond,
  title={Diamond growth by hot-filament chemical vapor deposition: state of the art},
  author={Haubner, R and Lux, B},
  journal={Diamond and Related Materials},
  volume={2},
  number={9},
  pages={1277--1294},
  year={1993},
  publisher={Elsevier}
}

@article{palyanov2015germanium,
  title={Germanium: a new catalyst for diamond synthesis and a new optically active impurity in diamond},
  author={Palyanov, Yuri N and Kupriyanov, Igor N and Borzdov, Yuri M and Surovtsev, Nikolay V},
  journal={Scientific reports},
  volume={5},
  number={1},
  pages={1--8},
  year={2015},
  publisher={Nature Publishing Group}
}

@article{ekimov2019effect,
  title={Effect of Si, Ge and Sn dopant elements on structure and photoluminescence of nano-and microdiamonds synthesized from organic compounds},
  author={Ekimov, EA and Kondrin, MV and Krivobok, VS and Khomich, AA and Vlasov, II and Khmelnitskiy, RA and Iwasaki, T and Hatano, M},
  journal={Diamond and Related Materials},
  volume={93},
  pages={75--83},
  year={2019},
  publisher={Elsevier}
}

@article{ohno2012engineering,
  title={Engineering shallow spins in diamond with nitrogen delta-doping},
  author={Ohno, Kenichi and Joseph Heremans, F and Bassett, Lee C and Myers, Bryan A and Toyli, David M and Bleszynski Jayich, Ania C and Palmstr{\o}m, Christopher J and Awschalom, David D},
  journal={Applied Physics Letters},
  volume={101},
  number={8},
  pages={082413},
  year={2012},
  publisher={American Institute of Physics}
}


@article{ishikawa2012optical,
  title={Optical and spin coherence properties of nitrogen-vacancy centers placed in a 100 nm thick isotopically purified diamond layer},
  author={Ishikawa, Toyofumi and Fu, Kai-Mei C and Santori, Charles and Acosta, Victor M and Beausoleil, Raymond G and Watanabe, Hideyuki and Shikata, Shinichi and Itoh, Kohei M},
  journal={Nano letters},
  volume={12},
  number={4},
  pages={2083--2087},
  year={2012},
  publisher={ACS Publications}
}

@article{ohashi2013negatively,
  title={Negatively charged nitrogen-vacancy centers in a 5 nm thin 12C diamond film},
  author={Ohashi, K and Rosskopf, T and Watanabe, H and Loretz, M and Tao, Y and Hauert, R and Tomizawa, S and Ishikawa, T and Ishi-Hayase, J and Shikata, S and others},
  journal={Nano letters},
  volume={13},
  number={10},
  pages={4733--4738},
  year={2013},
  publisher={ACS Publications}
}

@article{davies1992vacancy,
  title={Vacancy-related centers in diamond},
  author={Davies, Gordon and Lawson, Simon C and Collins, Alan T and Mainwood, Alison and Sharp, Sarah J},
  journal={Physical Review B},
  volume={46},
  number={20},
  pages={13157},
  year={1992},
  publisher={APS}
}

@article{newton2002recombination,
  title={Recombination-enhanced diffusion of self-interstitial atoms and vacancy--interstitial recombination in diamond},
  author={Newton, ME and Campbell, BA and Twitchen, DJ and Baker, JM and Anthony, TR},
  journal={Diamond and related materials},
  volume={11},
  number={3-6},
  pages={618--622},
  year={2002},
  publisher={Elsevier}
}

@article{tallaire2006characterisation,
  title={Characterisation of high-quality thick single-crystal diamond grown by CVD with a low nitrogen addition},
  author={Tallaire, A and Collins, AT and Charles, D and Achard, J and Sussmann, R and Gicquel, A and Newton, ME and Edmonds, AM and Cruddace, RJ},
  journal={Diamond and related materials},
  volume={15},
  number={10},
  pages={1700--1707},
  year={2006},
  publisher={Elsevier}
}

@article{lobaev2017influence,
  title={Influence of CVD diamond growth conditions on nitrogen incorporation},
  author={Lobaev, MA and Gorbachev, AM and Bogdanov, SA and Vikharev, AL and Radishev, DB and Isaev, VA and Chernov, VV and Drozdov, MN},
  journal={Diamond and Related Materials},
  volume={72},
  pages={1--6},
  year={2017},
  publisher={Elsevier}
}

@article{meijer2005generation,
  title={Generation of single color centers by focused nitrogen implantation},
  author={Meijer, J and Burchard, B and Domhan, M and Wittmann, C and Gaebel, Torsten and Popa, I and Jelezko, F and Wrachtrup, J},
  journal={Applied Physics Letters},
  volume={87},
  number={26},
  pages={261909},
  year={2005},
  publisher={American Institute of Physics}
}


@article{smith2019colour,
  title={Colour centre generation in diamond for quantum technologies},
  author={Smith, Jason M and Meynell, Simon A and Jayich, Ania C Bleszynski and Meijer, Jan},
  journal={Nanophotonics},
  volume={8},
  number={11},
  pages={1889--1906},
  year={2019},
  publisher={De Gruyter}
}

@article{mainwood1999point,
  title={Point defects in natural and synthetic diamond: What they can tell us about CVD diamond},
  author={Mainwood, A},
  journal={physica status solidi (a)},
  volume={172},
  number={1},
  pages={25--35},
  year={1999},
  publisher={Wiley Online Library}
}

@article{davies1976optical,
  title={Optical studies of the 1.945 eV vibronic band in diamond},
  author={Davies, Gordon and Hamer, MF},
  journal={Proceedings of the Royal Society of London. A. Mathematical and Physical Sciences},
  volume={348},
  number={1653},
  pages={285--298},
  year={1976},
  publisher={The Royal Society London}
}

@article{acosta2009diamonds,
  title={Diamonds with a high density of nitrogen-vacancy centers for magnetometry applications},
  author={Acosta, Victor M and Bauch, Erik and Ledbetter, Micah P and Santori, Charles and Fu, K-MC and Barclay, Paul E and Beausoleil, Raymond G and Linget, H{\'e}lo{\"\i}se and Roch, Jean Francois and Treussart, Francois and others},
  journal={Physical Review B},
  volume={80},
  number={11},
  pages={115202},
  year={2009},
  publisher={APS}
}

@article{kleinsasser2016high,
  title={High density nitrogen-vacancy sensing surface created via He+ ion implantation of 12C diamond},
  author={Kleinsasser, Ed E and Stanfield, Matthew M and Banks, Jannel KQ and Zhu, Zhouyang and Li, Wen-Di and Acosta, Victor M and Watanabe, Hideyuki and Itoh, Kohei M and Fu, Kai-Mei C},
  journal={Applied Physics Letters},
  volume={108},
  number={20},
  pages={202401},
  year={2016},
  publisher={AIP Publishing LLC}
}


@article{ashbaugh1988gemstone,
  title={Gemstone irradiation and radioactivity},
  author={Ashbaugh, CE},
  journal={Gems \& Gemology},
  volume={24},
  number={4},
  pages={196--213},
  year={1988}
}

@article{botsoa2011optimal,
  title={Optimal conditions for N V- center formation in type-1b diamond studied using photoluminescence and positron annihilation spectroscopies},
  author={Botsoa, J and Sauvage, T and Adam, M-P and Desgardin, P and Leoni, E and Courtois, B and Treussart, F and Barthe, M-F},
  journal={Physical Review B},
  volume={84},
  number={12},
  pages={125209},
  year={2011},
  publisher={APS}
}

@article{pinto2012diffusion,
  title={On the diffusion of NV defects in diamond},
  author={Pinto, H and Jones, R and Palmer, DW and Goss, JP and Briddon, PR and {\"O}berg, Sven},
  journal={physica status solidi (a)},
  volume={209},
  number={9},
  pages={1765--1768},
  year={2012},
  publisher={Wiley Online Library}
}

@article{grezes2015storage,
  title={Storage and retrieval of microwave fields at the single-photon level in a spin ensemble},
  author={Grezes, C and Julsgaard, B and Kubo, Y and Ma, WL and Stern, M and Bienfait, A and Nakamura, K and Isoya, J and Onoda, S and Ohshima, T and others},
  journal={Physical Review A},
  volume={92},
  number={2},
  pages={020301},
  year={2015},
  publisher={APS}
}

@article{hauf2014addressing,
  title={Addressing single nitrogen-vacancy centers in diamond with transparent in-plane gate structures},
  author={Hauf, Moritz V and Simon, Patrick and Aslam, Nabeel and Pfender, Matthias and Neumann, Philipp and Pezzagna, S{\'e}bastien and Meijer, Jan and Wrachtrup, Jörg and Stutzmann, Martin and Reinhard, Friedemann and others},
  journal={Nano Letters},
  volume={14},
  number={5},
  pages={2359--2364},
  year={2014},
  publisher={ACS Publications}
}

@article{pfender2017protecting,
  title={Protecting a diamond quantum memory by charge state control},
  author={Pfender, Matthias and Aslam, Nabeel and Simon, Patrick and Antonov, Denis and Thiering, Gergo and Burk, Sina and F{\'a}varo de Oliveira, Felipe and Denisenko, Andrej and Fedder, Helmut and Meijer, Jan and others},
  journal={Nano letters},
  volume={17},
  number={10},
  pages={5931--5937},
  year={2017},
  publisher={ACS Publications}
}

@article{doi2016pure,
  title={Pure negatively charged state of the NV center in n-type diamond},
  author={Doi, Yuki and Fukui, Takahiro and Kato, Hiromitsu and Makino, Toshiharu and Yamasaki, Satoshi and Tashima, Toshiyuki and Morishita, Hiroki and Miwa, Shinji and Jelezko, Fedor and Suzuki, Yoshishige and others},
  journal={Physical Review B},
  volume={93},
  number={8},
  pages={081203},
  year={2016},
  publisher={APS}
}

@article{aslam2013photo,
  title={Photo-induced ionization dynamics of the nitrogen vacancy defect in diamond investigated by single-shot charge state detection},
  author={Aslam, Nabeel and Waldherr, Gerhald and Neumann, Philipp and Jelezko, Fedor and Wrachtrup, Joerg},
  journal={New Journal of Physics},
  volume={15},
  number={1},
  pages={013064},
  year={2013},
  publisher={IOP Publishing}
}

@article{dhomkar2016long,
  title={Long-term data storage in diamond},
  author={Dhomkar, Siddharth and Henshaw, Jacob and Jayakumar, Harishankar and Meriles, Carlos A},
  journal={Science advances},
  volume={2},
  number={10},
  pages={e1600911},
  year={2016},
  publisher={American Association for the Advancement of Science}
}

@article{doherty2013nitrogen,
  title={The nitrogen-vacancy colour centre in diamond},
  author={Doherty, Marcus W and Manson, Neil B and Delaney, Paul and Jelezko, Fedor and Wrachtrup, J{\"o}rg and Hollenberg, Lloyd CL},
  journal={Physics Reports},
  volume={528},
  number={1},
  pages={1--45},
  year={2013},
  publisher={Elsevier}
}

@article{loubser1978electron,
  title={Electron spin resonance in the study of diamond},
  author={Loubser, JoHoNo and van Wyk, JoA},
  journal={Reports on Progress in Physics},
  volume={41},
  number={8},
  pages={1201},
  year={1978},
  publisher={IOP Publishing}
}

@article{gali2008ab,
  title={Ab initio supercell calculations on nitrogen-vacancy center in diamond: Electronic structure and hyperfine tensors},
  author={Gali, Adam and Fyta, Maria and Kaxiras, Efthimios},
  journal={Physical Review B},
  volume={77},
  number={15},
  pages={155206},
  year={2008},
  publisher={APS}
}

@article{doherty2011negatively,
  title={The negatively charged nitrogen-vacancy centre in diamond: the electronic solution},
  author={Doherty, Marcus W and Manson, Neil B and Delaney, Paul and Hollenberg, Lloyd CL},
  journal={New Journal of Physics},
  volume={13},
  number={2},
  pages={025019},
  year={2011},
  publisher={IOP Publishing}
}

@article{gali2011time,
  title={Time-dependent density functional study on the excitation spectrum of point defects in semiconductors},
  author={Gali, Adam},
  journal={physica status solidi (b)},
  volume={248},
  number={6},
  pages={1337--1346},
  year={2011},
  publisher={Wiley Online Library}
}

@article{schroder2016quantum,
  title={Quantum nanophotonics in diamond},
  author={Schr{\"o}der, Tim and Mouradian, Sara L and Zheng, Jiabao and Trusheim, Matthew E and Walsh, Michael and Chen, Edward H and Li, Luozhou and Bayn, Igal and Englund, Dirk},
  journal={JOSA B},
  volume={33},
  number={4},
  pages={B65--B83},
  year={2016},
  publisher={Optical Society of America}
}

@article{kurtsiefer2000stable,
  title={Stable solid-state source of single photons},
  author={Kurtsiefer, Christian and Mayer, Sonja and Zarda, Patrick and Weinfurter, Harald},
  journal={Physical review letters},
  volume={85},
  number={2},
  pages={290},
  year={2000},
  publisher={APS}
}

@article{brouri2000photon,
  title={Photon antibunching in the fluorescence of individual color centers in diamond},
  author={Brouri, Rosa and Beveratos, Alexios and Poizat, Jean-Philippe and Grangier, Philippe},
  journal={Optics letters},
  volume={25},
  number={17},
  pages={1294--1296},
  year={2000},
  publisher={Optica Publishing Group}
}

@article{johnson2015tunable,
  title={Tunable cavity coupling of the zero phonon line of a nitrogen-vacancy defect in diamond},
  author={Johnson, Sam and Dolan, PR and Grange, Thomas and Trichet, AAP and Hornecker, Gaston and Chen, Yu-Chen and Weng, Laiyi and Hughes, GM and Watt, AAR and Auff{\`e}ves, Alexia and others},
  journal={New Journal of Physics},
  volume={17},
  number={12},
  pages={122003},
  year={2015},
  publisher={IOP Publishing}
}

@article{bradac2019quantum,
  title={Quantum nanophotonics with group IV defects in diamond},
  author={Bradac, Carlo and Gao, Weibo and Forneris, Jacopo and Trusheim, Matthew E and Aharonovich, Igor},
  journal={Nature communications},
  volume={10},
  number={1},
  pages={1--13},
  year={2019},
  publisher={Nature Publishing Group}
}

@article{de2021materials,
  title={Materials challenges and opportunities for quantum computing hardware},
  author={de Leon, Nathalie P and Itoh, Kohei M and Kim, Dohun and Mehta, Karan K and Northup, Tracy E and Paik, Hanhee and Palmer, BS and Samarth, Nitin and Sangtawesin, Sorawis and Steuerman, DW},
  journal={Science},
  volume={372},
  number={6539},
  pages={eabb2823},
  year={2021},
  publisher={American Association for the Advancement of Science}
}

@article{degen2017quantum,
  title={Quantum sensing},
  author={Degen, Christian L and Reinhard, Friedemann and Cappellaro, Paola},
  journal={Reviews of modern physics},
  volume={89},
  number={3},
  pages={035002},
  year={2017},
  publisher={APS}
}

@article{wehner2018quantum,
  title={Quantum internet: A vision for the road ahead},
  author={Wehner, Stephanie and Elkouss, David and Hanson, Ronald},
  journal={Science},
  volume={362},
  number={6412},
  pages={eaam9288},
  year={2018},
  publisher={American Association for the Advancement of Science}
}

@article{awschalom2018quantum,
  title={Quantum technologies with optically interfaced solid-state spins},
  author={Awschalom, David D and Hanson, Ronald and Wrachtrup, J{\"o}rg and Zhou, Brian B},
  journal={Nature Photonics},
  volume={12},
  number={9},
  pages={516--527},
  year={2018},
  publisher={Nature Publishing Group}
}

@article{balasubramanian2009ultralong,
  title={Ultralong spin coherence time in isotopically engineered diamond},
  author={Balasubramanian, Gopalakrishnan and Neumann, Philipp and Twitchen, Daniel and Markham, Matthew and Kolesov, Roman and Mizuochi, Norikazu and Isoya, Junichi and Achard, Jocelyn and Beck, Johannes and Tissler, Julia and others},
  journal={Nature materials},
  volume={8},
  number={5},
  pages={383--387},
  year={2009},
  publisher={Nature Publishing Group}
}

@article{gupta2016efficient,
  title={Efficient signal processing for time-resolved fluorescence detection of nitrogen-vacancy spins in diamond},
  author={Gupta, Anchal and Hacquebard, Luke and Childress, Lilian},
  journal={JOSA B},
  volume={33},
  number={3},
  pages={B28--B34},
  year={2016},
  publisher={Optical Society of America}
}

@article{fuchs2010excited,
  title={Excited-state spin coherence of a single nitrogen--vacancy centre in diamond},
  author={Fuchs, GD and Dobrovitski, VV and Toyli, DM and Heremans, FJ and Weis, CD and Schenkel, Thomas and Awschalom, DD},
  journal={Nature Physics},
  volume={6},
  number={9},
  pages={668--672},
  year={2010},
  publisher={Nature Publishing Group}
}

@article{robledo2011spin,
  title={Spin dynamics in the optical cycle of single nitrogen-vacancy centres in diamond},
  author={Robledo, Lucio and Bernien, Hannes and Van Der Sar, Toeno and Hanson, Ronald},
  journal={New Journal of Physics},
  volume={13},
  number={2},
  pages={025013},
  year={2011},
  publisher={IOP Publishing}
}

@article{rogers2008infrared,
  title={Infrared emission of the NV centre in diamond: Zeeman and uniaxial stress studies},
  author={Rogers, LJ and Armstrong, S and Sellars, MJ and Manson, NB},
  journal={New Journal of Physics},
  volume={10},
  number={10},
  pages={103024},
  year={2008},
  publisher={IOP Publishing}
}

@article{ma2010excited,
  title={Excited states of the negatively charged nitrogen-vacancy color center in diamond},
  author={Ma, Yuchen and Rohlfing, Michael and Gali, Adam},
  journal={Physical Review B},
  volume={81},
  number={4},
  pages={041204},
  year={2010},
  publisher={APS}
}

@article{acosta2010optical,
  title={Optical properties of the nitrogen-vacancy singlet levels in diamond},
  author={Acosta, VM and Jarmola, A and Bauch, E and Budker, D},
  journal={Physical Review B},
  volume={82},
  number={20},
  pages={201202},
  year={2010},
  publisher={APS}
}

@article{duarte2021effect,
  title={Effect of intersystem crossing rates and optical illumination on the polarization of nuclear spins close to nitrogen-vacancy centers},
  author={Duarte, H and Dinani, HT and Jacques, V and Maze, JR},
  journal={Physical Review B},
  volume={103},
  number={19},
  pages={195443},
  year={2021},
  publisher={APS}
}

@article{lesik2014perfect,
  title={Perfect preferential orientation of nitrogen-vacancy defects in a synthetic diamond sample},
  author={Lesik, M and Tetienne, J-P and Tallaire, A and Achard, J and Mille, V and Gicquel, A and Roch, J-F and Jacques, Vincent},
  journal={Applied Physics Letters},
  volume={104},
  number={11},
  pages={113107},
  year={2014},
  publisher={American Institute of Physics}
}

@article{hahn1950spin,
  title={Spin echoes},
  author={Hahn, Erwin L},
  journal={Physical review},
  volume={80},
  number={4},
  pages={580},
  year={1950},
  publisher={APS}
}

@article{naydenov2011dynamical,
  title={Dynamical decoupling of a single-electron spin at room temperature},
  author={Naydenov, Boris and Dolde, Florian and Hall, Liam T and Shin, Chang and Fedder, Helmut and Hollenberg, Lloyd CL and Jelezko, Fedor and Wrachtrup, J{\"o}rg},
  journal={Physical Review B},
  volume={83},
  number={8},
  pages={081201},
  year={2011},
  publisher={APS}
}

@article{gorrini2021long,
  title={Long-Lived Ensembles of Shallow NV--Centers in Flat and Nanostructured Diamonds by Photoconversion},
  author={Gorrini, Federico and Dorigoni, Carla and Olivares-Postigo, Domingo and Giri, Rakshyakar and Aprà, Pietro and Picollo, Federico and Bifone, Angelo},
  journal={ACS Applied Materials \& Interfaces},
  volume={13},
  number={36},
  pages={43221--43232},
  year={2021},
  publisher={ACS Publications}
}

@article{giri2019selective,
  title={Selective measurement of charge dynamics in an ensemble of nitrogen-vacancy centers in nanodiamond and bulk diamond},
  author={Giri, R and Dorigoni, C and Tambalo, S and Gorrini, F and Bifone, A},
  journal={Physical Review B},
  volume={99},
  number={15},
  pages={155426},
  year={2019},
  publisher={APS}
}

@article{craik2020microwave,
  title={Microwave-assisted spectroscopy technique for studying charge state in nitrogen-vacancy ensembles in diamond},
  author={Craik, DPL Aude and Kehayias, P and Greenspon, AS and Zhang, X and Turner, MJ and Schloss, JM and Bauch, E and Hart, CA and Hu, EL and Walsworth, RL},
  journal={Physical Review Applied},
  volume={14},
  number={1},
  pages={014009},
  year={2020},
  publisher={APS}
}

