@article{Jarmola_temperature_2012,
  title = {Temperature- and Magnetic-Field-Dependent Longitudinal Spin Relaxation in Nitrogen-Vacancy Ensembles in Diamond},
  author = {Jarmola, A. and Acosta, V. M. and Jensen, K. and Chemerisov, S. and Budker, D.},
  journal = {Phys. Rev. Lett.},
  volume = {108},
  issue = {19},
  pages = {197601},
  numpages = {5},
  year = {2012},
  month = {May},
  publisher = {American Physical Society}
}

@article{mrozek_longitudinal_2015,
	title = {Longitudinal spin relaxation in nitrogen-vacancy ensembles in diamond},
	volume = {2},
	issn = {2196-0763},
	url = {http://epjquantumtechnology.springeropen.com/articles/10.1140/epjqt/s40507-015-0035-z},
	doi = {10.1140/epjqt/s40507-015-0035-z},
	language = {en},
	number = {1},
	urldate = {2020-05-04},
	journal = {EPJ Quantum Technol.},
	author = {Mrózek, Mariusz and Rudnicki, Daniel and Kehayias, Pauli and Jarmola, Andrey and Budker, Dmitry and Gawlik, Wojciech},
	month = dec,
	year = {2015},
	note = {Number: 1},
	pages = {22},
	file = {Mrózek et al. - 2015 - Longitudinal spin relaxation in nitrogen-vacancy e.pdf:/home/zouzou/Zotero/storage/V94VN7YG/Mrózek et al. - 2015 - Longitudinal spin relaxation in nitrogen-vacancy e.pdf:application/pdf}
}

@article{choi_depolarization_2017,
	title = {Depolarization {Dynamics} in a {Strongly} {Interacting} {Solid}-{State} {Spin} {Ensemble}},
	volume = {118},
	issn = {0031-9007, 1079-7114},
	url = {https://link.aps.org/doi/10.1103/PhysRevLett.118.093601},
	doi = {10.1103/PhysRevLett.118.093601},
	language = {en},
	number = {9},
	urldate = {2020-05-04},
	journal = {Phys. Rev. Lett.},
	author = {Choi, Joonhee and Choi, Soonwon and Kucsko, Georg and Maurer, Peter C. and Shields, Brendan J. and Sumiya, Hitoshi and Onoda, Shinobu and Isoya, Junichi and Demler, Eugene and Jelezko, Fedor and Yao, Norman Y. and Lukin, Mikhail D.},
	month = mar,
	year = {2017},
	note = {Number: 9},
	pages = {093601},
	file = {Choi et al. - Supplementary Information Depolarization dynamics.pdf:/home/zouzou/Zotero/storage/AS8W7QVB/Choi et al. - Supplementary Information Depolarization dynamics.pdf:application/pdf;Choi et al. - 2017 - Depolarization Dynamics in a Strongly Interacting .pdf:/home/zouzou/Zotero/storage/5CX33J6S/Choi et al. - 2017 - Depolarization Dynamics in a Strongly Interacting .pdf:application/pdf}
}

@article{pellet2021magnetic,
  title={Magnetic-Torque Enhanced by Tunable Dipolar interactions},
  author={Pellet-Mary, C and Huillery, P and Perdriat, M and H{\'e}tet, G},
  journal={arXiv preprint arXiv:2103.00836},
  year={2021}
}


@article{Bachelard,
  title = {Cooperative scattering and radiation pressure force in dense atomic clouds},
  author = {Bachelard, R. and Piovella, N. and Courteille, Ph. W.},
  journal = {Phys. Rev. A},
  volume = {84},
  issue = {1},
  pages = {013821},
  numpages = {11},
  year = {2011},
  month = {Jul},
  publisher = {American Physical Society},
  doi = {10.1103/PhysRevA.84.013821},
  url = {https://link.aps.org/doi/10.1103/PhysRevA.84.013821}
}

@article{PANAT,
author = {PANAT, P. V. and LAWANDE, S. V.},
title = {COOPERATIVE EFFECTS ON OPTICAL FORCES — DICKE'S BULLET},
journal = {International Journal of Modern Physics B},
volume = {16},
number = {25},
pages = {3787-3795},
year = {2002},
doi = {10.1142/S0217979202013043},

URL = { 
        https://doi.org/10.1142/S0217979202013043
    
},
eprint = { 
        https://doi.org/10.1142/S0217979202013043
    
}
,
    abstract = { We investigate the cooperative effects on optical forces in a system of N two level atoms confined to a volume of dimension less than λ3, where λ is radiation wavelength and driven by a coherent radiation field with a spatial profile like Laguerre–Gaussian or ideal Bessel beam. We show a dramatic enhancement on optical forces as well as on the angular momentum imparted to the atom by a factor of N2. }
}

@article{Venkatesh,
  title = {Cooperative Effects in Closely Packed Quantum Emitters with Collective Dephasing},
  author = {Prasanna Venkatesh, B. and Juan, M. L. and Romero-Isart, O.},
  journal = {Phys. Rev. Lett.},
  volume = {120},
  issue = {3},
  pages = {033602},
  numpages = {6},
  year = {2018},
  month = {Jan},
  publisher = {American Physical Society},
  doi = {10.1103/PhysRevLett.120.033602},
  url = {https://link.aps.org/doi/10.1103/PhysRevLett.120.033602}
}

@article{Juan,
	Author = {Juan, Mathieu L. and Bradac, Carlo and Besga, Benjamin and Johnsson, Mattias and Brennen, Gavin and Molina-Terriza, Gabriel and Volz, Thomas},
	Journal = {Nature Physics},
	Number = {3},
	Pages = {241--245},
	Title = {Cooperatively enhanced dipole forces from artificial atoms in trapped nanodiamonds},
	Volume = {13},
	Year = {2017}}

